3574 5454
685 542 927 618 -177—

307 757 541 849 ltlagnesium
555 758 773 832 sulfuricum
788 760 873 833 loco
887 761 1014 854 tepido
1032 761 1112 835 sive
1127 763 1262 836 balneo
1279 784 1400 855 aquae

198 883 385 957 interdum
401 885 577 977 agitando
596 886 818 980 expositum,
840 888 993 961 demum
1008 890 1108 962 ultra
1132 889 1397 963 100⁰caleiac-

198 1016 291 1101 tum,
321 1011 441 1086 donec
471 1013 623 1105 triginta
648 1019 715 1087 sex
742 1013 883 1088 circiter
910 1019 1036 1109 partes
1062 1017 1286 1090 centesimas
1307 1039 1398 1110 pon-

199 1137 296 1211 deris
326 1140 499 1230 amiserit
518 1141 558 1214 in
577 1141 771 1235 pulverem
790 1142 918 1215 album
933 1143 1110 1216 subtilem
1125 1144 1311 1234 dilabitur,
1333 1145 1397 1237 qui

197 1267 269 1339 sub
288 1267 441 1340 nomine

334 1428 549 1530 Magnesiam
571 1430 784 1508 sulirricrn
804 1431 938 1509 siccam
959 1427 1184 1536 (illorsum)

197 1565 349 1652 praesto
365 1561 424 1633 sit.

674 1917 916 2028 Maltum.

196 2183 199 2190 ’
303 2178 464 2253 Fructus
490 2178 627 2253 Hordei
652 2180 848 2273 incipiente
874 2181 1144 2272 germinatione
1172 2203 1242 2276 ope
1263 2181 1399 2255 caloris

195 2306 332 2395 siccati,
354 2306 489 2381 coloris
507 2306 929 2397 florido-luscescentis
949 2308 1098 2401 saporis
1120 2308 1343 2382 dulciusculi
1364 2315 1400 2382 et

197 2433 386 2506 farinacei.

686 2756 904 2864 Manna.
947 2753 950 2760 ’

155 3073 157 3076 .
308 3015 486 3088 filaxion
512 3015 629 3088 Ornos
647 3015 781 3103 Linn.‚
807 3016 920 3088 arbor
938 3016 977 3089 in
997 3016 1148 3111 Europa
1169 3022 1394 3095 australiore

195 3142 382 3235 indigena,
402 3141 441 3215 in
461 3142 586 3216 Sicilia
604 3143 716 3217 culta.
742 3141 911 3216 Oleoceoe.

288 3287 447 3362 succus
482 3289 725 3362 saccharinus
761 3311 780 3362 e
818 3290 960 3363 truncis
1005 3292 1209 3366 vulneratis
1248 3296 1394 3368 arboris

195 3417 317 3490 cultae
337 3417 505 3506 effluens,
527 3423 612 3489 a‘e‘re
632 3416 830 3490 induratus
853 3421 889 3490 et
904 3418 1080 3510 siccatus
1102 3425 1167 3495 aut
1182 3422 1343 3495 occurrit
1355 3422 1395 3495 in

195 3542 325 3616 frustis
346 3545 570 3635 crystallinis
590 3545 850 3638 planiusculiS,
875 3545 1205 3620 subcanaliculetis
1225 3549 1285 3622 vel
1306 3549 1392 3622 sub-

194 3670 428 3765 prismaticis
468 3671 638 3744 obsolete
676 3672 845 3764 trigonis
889 3672 1011 3762 sicciS,
1043 3673 1263 3764 friabilibus
1295 3677 1392 3749 deci·

195 3803 358 3872 metrum
377 3802 414 3870 et
432 3799 530 3871 ultra
547 3799 683 3891 longis,
709 3799 784 3872 duo
804 3799 853 3874 ad
874 3804 1037 3892 quatuor
1055 3801 1273 3875 centimetra
1292 3802 1393 3890 latis,
1433 3877 1434 3880 a

195 3925 330 3998 coloris
365 3925 477 3998 albidi
505 3926 565 3998 vel
595 3926 918 4015 subflavescentiS,
949 3927 1098 4020 saporis
1136 3951 1230 4022 pure
1261 3930 1392 4020 dulcis

195 4048 322 4129 Hom
354 4049 567 4140 coerulum
605 4057 670 4126 aut
707 4053 803 4126 sistit
829 4075 999 4127 massam
1029 4076 1267 4147 grumosam,
1297 4079 1395 4150 quae

196 4184 347 4255 constat
380 4203 400 4254 e
429 4179 598 4253 frustulis
631 4185 667 4254 et
699 4179 828 4272 granis
863 4181 1054 4272 qualitatis
1080 4181 1161 4274 jam
1187 4183 1410 4278 descriptae,

196 4309 429 4400 conglobatis
453 4309 515 4382 vel
542 4307 756 4380 substantia
783 4306 887 4380 molli
917 4309 1098 4383 subfusca
1123 4311 1219 4383 inter
1244 4333 1286 4385 se
1309 4333 1394 4385 con·

196 4435 398 4528 glutinatio,
437 4435 585 4528 saporis
619 4435 722 4508 haud
755 4435 882 4509 minus
921 4435 1039 4510 dulcis
1081 4437 1268 4531 simulque
1307 4461 1393 4512 curn

197 4562 365 4655 quadam
384 4563 568 4652 acredine,
589 4560 714 4640 llam
733 4560 939 4638 communis.

306 4706 470 4800 Infusnm
489 4715 519 4779 ct
539 4707 702 4806 Syrupus
725 4706 858 4780 sanae
877 4732 952 4780 curn
973 4706 1121 4781 Manna.

306 4845 500 4900 Pharmacopoec.
1144 4851 1176 4903 12
