3502 5454
918 561 1134 634 ..74-

533 776 635 848 Merx
671 782 817 851 constat
846 801 865 851 e
896 780 1136 871 stigmatibus
1167 781 1327 873 singulis
1358 784 1537 856 defractis
1569 789 1638 855 ant

424 903 548 976 adbuc
580 905 765 996 particula
799 908 885 1000 styli
918 908 1007 981 ssavi
1041 908 1259 1000 conjunctis
1294 932 1469 985 acervum
1509 911 1636 985 levem

422 1030 626 1125 laxumque
643 1033 968 1108 constituentibus.
985 1035 1017 1108 N
1020 1056 1039 1108 c
1055 1035 1105 1108 sit
1119 1037 1314 1129 inquinata
1327 1039 1484 1112 floribus
1507 1037 1632 1110 Calen-

425 1158 537 1249 dulm,
564 1158 750 1232 Cortlroml
770 1167 836 1235 aut
857 1163 940 1236 aliis
959 1163 1130 1256 partibus
1150 1165 1431 1256 vegetabilibus
1452 1167 1636 1240 Servetur

421 1288 563 1362 Crocus
583 1290 666 1364 luce
688 1297 866 1367 remotus,

534 1416 724 1514 Collyrium
740 1417 959 1516 adstrinqcns
973 1420 1112 1492 luteum.
1135 1419 1379 1516 Emplastrum
1394 1445 1630 1519 ocyoroceum.

421 1543 542 1616 Massa
555 1545 757 1640 pilularum
778 1545 891 1644 Ruffl.
918 1545 1086 1620 Tinctum
1110 1545 1196 1644 Opil
1215 1556 1362 1622 mocula.

555 1871 926 2008 cuprum
962 1871 1494 2010 sulpurtomm.

532 2073 704 2164 Crystalli
724 2074 931 2164 caeruleae,
949 2049 1170 2168 pellucidae,
1193 2083 1277 2148 aere
1296 2096 1430 2168 parum
1448 2076 1629 2150 fatiscen-

424 2203 492 2288 tes,
511 2200 552 2272 in
572 2222 671 2293 aqua
690 2201 798 2274 facile
819 2201 1012 2276 solubiles

532 2328 675 2402 Solutio
705 2351 851 2422 aquosa
879 2331 996 2422 baryo
1026 2329 1158 2402 nitrico
1192 2330 1338 2422 adjecto
1373 2330 1631 2403 sedimentum

422 2454 582 2529 demittit
598 2455 736 2546 album,
752 2457 791 2530 in
807 2458 923 2531 acidis
934 2456 1151 2546 insolubile;
1169 2458 1360 2530 ammonia
1375 2462 1482 2530 caute
1497 2455 1630 2529 addita

396 2612 399 2624 ⁴
420 2583 707 2676 praecipitatum
727 2584 863 2658 coloris
885 2585 1120 2658 subcaerulei
1140 2585 1341 2673 enascitur,
1371 2585 1471 2678 quod
1492 2605 1627 2677 super·

424 2710 642 2784 abundante
656 2713 848 2786 ammonia
862 2713 901 2785 in
915 2713 1100 2805 liquorem
1115 2712 1313 2805 limpidum
1323 2711 1457 2785 coloris
1474 2712 1626 2785 intense

414 2835 582 2912 'caemlei
601 2846 845 2932 permutatur.

531 2966 673 3040 Solutio
685 2989 841 3060 aquosa,
862 2967 970 3041 acido
986 2966 1270 3060 hydrochlorico
1282 2967 1413 3040 leviter
1422 2968 1627 3052 aemulata,

421 3115 522 3185 aqua
540 3093 847 3186 hydrosulfirrata
866 3095 1072 3168 abundanti
1093 3094 1220 3167 addita
1233 3095 1484 3168 sedimentum
1501 3097 1627 3169 fusco-

419 3223 567 3314 nigrum
588 3222 709 3310 efficit,
728 3223 853 3314 liquor
873 3223 919 3295 ab
939 3223 1011 3296 hoc
1030 3224 1190 3296 filtratus
1221 3223 1270 3296 sit
1297 3223 1447 3296 decolor
1476 3230 1513 3297 et
1538 3245 1625 3296 eva·

419 3354 573 3443 poratus
592 3349 786 3423 residuum
806 3370 853 3422 ne
872 3349 1070 3442 relinquat.

904 3633 1151 3743 Boouata.

530 3841 676 3930 Quodsi
696 3843 735 3914 in
754 3841 933 3934 parandis
955 3841 1119 3915 decoctis
1145 3842 1335 3934 quantitas
1361 3840 1627 3915 medicaminis

422 3969 624 4043 adhibendi
651 3990 673 4041 a
692 3968 837 4042 medico
859 3969 1012 4042 definita
1032 3990 1109 4042 uon
1131 3974 1198 4058 est,
1216 3970 1256 4042 in
1276 3990 1410 4061 genere
1429 3989 1497 4062 pro
1517 3973 1627 4060 parte

419 4119 497 4171 uua
522 4097 755 4171 substantiae
775 4101 901 4190 partes
921 4096 1050 4169 decem
1071 4096 1259 4170 colaturae
1280 4097 1498 4171 efficiantur.

527 4225 632 4297 Haeo
651 4245 785 4298 norma
803 4244 880 4296 non
901 4223 1001 4296 valet
1019 4243 1087 4316 pro
1107 4223 1418 4297 medicaminibus
1437 4222 1625 4296 efficacio-

419 4352 533 4442 ribus,
554 4351 737 4445 imprimis
757 4351 969 4438 narcoticiS,
991 4371 1150 4442 quorum
1166 4350 1271 4423 dosis
1287 4351 1454 4422 maxima
1470 4348 1630 4424 definita

419 4485 474 4555 est
504 4485 540 4554 et
580 4501 649 4572 pro
679 4479 898 4552 substantiis
923 4477 1218 4569 mucilaginosis.
1257 4477 1411 4549 Illorum
1432 4478 1631 4569 quantitas

420 4629 570 4702 semper
613 4629 636 4680 a
677 4606 822 4680 medico
865 4605 1157 4698 praescribenda
1200 4611 1266 4694 est,
1314 4605 1450 4677 horum
1480 4603 1630 4696 judicio

417 4733 736 4828 pharmacopolae
757 4733 1011 4807 committitur.
