3502 5454
870 518 1083 594 -νῙ-

373 737 570 831 inquinata
598 761 669 814 nec
699 743 875 833 corrupta
901 739 977 813 sint
1005 743 1163 833 oportet.
1194 740 1249 814 Ea
1279 740 1427 834 aequali
1455 739 1572 814 solici-

303 867 305 872 '
374 865 505 940 tudine
537 871 575 941 et
594 867 927 959 circumspectione
949 867 1137 940 servanda
1157 873 1193 941 et
1213 867 1468 961 dispensanda
1486 872 1575 941 sunt

372 998 415 1068 ut
459 994 707 1068 medicamina
752 994 789 1066 in
826 995 1170 1088 pharmacopoeam
1206 999 1366 1087 recepta,
1416 1014 1574 1087 quorum

376 1122 582 1198 efficaciam
601 1130 776 1218 aequant.

481 1252 679 1345 EJ'usmodi
706 1252 954 1328 medicamina
980 1276 1049 1328 nec
1078 1275 1154 1328 non
1181 1255 1446 1346 conscotinum,
1478 1275 1574 1346 quae

372 1380 585 1455 novissimis
603 1382 834 1473 temporibus
853 1382 940 1455 usui
959 1383 1212 1474 therapeutico
1232 1381 1387 1455 venales
1400 1381 1570 1454 offerun-

374 1511 443 1598 tur,
480 1508 644 1583 incertae
673 1510 820 1583 virtutis
851 1531 895 1584 ac
924 1510 1054 1584 clinica
1082 1510 1309 1604 experientia
1342 1509 1445 1582 haud
1475 1530 1573 1582 com·

373 1636 556 1729 probatae
596 1641 695 1727 sunt,
733 1637 885 1710 nonnisi
921 1636 1072 1728 legitimi
1110 1637 1243 1710 medici
1280 1637 1574 1730 praescriptione

372 1762 592 1858 dispensare
612 1765 671 1838 sas
693 1769 762 1838 est

925 1941 1018 2046 §.a
1101 2039 1103 2046 t

479 2091 724 2166 Medicamina
764 2093 803 2166 in
840 2093 1181 2187 pharmacopoeam
1213 2097 1374 2185 recepta,
1410 2114 1570 2184 quorum

372 2218 604 2313 dispensatio
639 2222 785 2313 absque
814 2220 947 2293 medici
973 2220 1126 2314 legitimi
1154 2220 1447 2314 praescriptione
1475 2219 1570 2293 inhi-

370 2346 449 2419 bita
467 2352 537 2437 est,
556 2348 687 2422 tabula
703 2347 754 2420 IV
773 2348 933 2421 exhibet.

479 2475 582 2548 Haec
620 2474 867 2548 medicamina
912 2476 1111 2567 hucusque
1151 2474 1260 2567 signo
1288 2474 1310 2565 l·
1357 2478 1486 2547 notata
1532 2474 1570 2546 in

367 2606 469 2676 textu
485 2604 812 2695 pharmacopoeae
829 2602 1011 2676 distinctis
1028 2602 1228 2696 obliquis
1249 2603 1347 2696 typis
1365 2600 1569 2694 conspicua

373 2729 595 2803 redduntur.

925 2907 960 3011 s.
983 2913 1018 2986 5.

480 3057 725 3132 Medicamina
738 3058 776 3130 in
791 3057 921 3130 tabula
935 3057 982 3129 Ill
998 3064 1178 3150 congesta
1193 3059 1223 3131 si
1239 3080 1262 3131 a
1275 3057 1421 3131 medico
1435 3056 1569 3150 maj0ri

371 3182 455 3257 dosi
474 3186 790 3278 praescribuntur,
812 3206 927 3276 quam
953 3206 1051 3276 quae
1081 3185 1245 3258 maxima
1272 3185 1310 3257 in
1339 3185 1411 3259 hac
1440 3184 1570 3257 tabula

369 3315 501 3384 notata
520 3315 590 3400 est,
619 3333 696 3384 non
717 3317 807 3384 sunt
827 3311 1094 3405 dispensanda,
1124 3311 1193 3384 nisi
1222 3311 1392 3386 medicus
1419 3313 1569 3405 signum

370 3438 649 3512 exclamationis
671 3439 720 3532 (t)
740 3439 777 3510 in
798 3439 1091 3531 praescriptione
1111 3438 1306 3513 addiderit.

924 3671 958 3775 p.
980 3677 1016 3748 c.

479 3820 517 3893 Si
546 3821 871 3910 medicamentum,
902 3820 1005 3912 quod
1034 3825 1071 3895 et
1100 3822 1260 3896 crudum
1280 3827 1317 3893 et
1346 3821 1568 3914 depuratum

370 3967 440 4020 seu
477 3945 724 4021 rectificatum
760 3948 799 4020 in
836 3947 1152 4040 pharmacopoliis
1195 3951 1352 4041 prostat,
1401 3948 1568 4020 medicus

368 4075 651 4167 praescripserit
671 4076 775 4150 nulla
791 4073 1026 4150 distinctione
1045 4076 1155 4165 sacta,
1177 4097 1327 4167 semper
1346 4074 1569 4167 depuratum

370 4222 440 4274 seu
459 4202 706 4277 rectificatum
726 4203 978 4296 dispensetur.

478 4329 573 4405 Item
592 4331 623 4403 si
642 4332 967 4419 medicamentum,
999 4328 1107 4422 cujus
1135 4331 1262 4422 plures
1290 4330 1571 4422 distinguuntur

370 4457 683 4530 concontrationis
699 4462 736 4530 et
750 4457 976 4531 fortitudinis
992 4456 1144 4548 gradus,
1163 4457 1436 4551 praescriptum
1448 4459 1568 4549 fuerit,

371 4585 461 4678 quin
504 4585 643 4676 gradus
692 4585 1004 4659 concontrationis
1044 4585 1271 4677 conspicuus
1316 4586 1373 4676 sit,
1423 4605 1571 4678 semper

370 4712 528 4785 dilutum
548 4718 584 4784 et
601 4712 727 4786 mitius
748 4712 1044 4805 dispensandum
1065 4717 1134 4784 est.
