3574 5454
929 557 1138 664 -loa-

544 808 733 884 Anthodia
752 809 912 902 perfecte
932 809 1115 901 explicata
1144 808 1352 900 colligenda
1380 815 1418 882 et
1443 808 1600 882 siccata
1631 828 1656 877 a

435 936 548 1009 larvis
567 936 682 1028 nigris
705 935 873 1031 Trypetoe
897 935 1114 1008 ornicioorae
1138 936 1265 1027 (Low)
1289 936 1405 1009 libera
1429 939 1655 1010 serventur.

543 1062 735 1137 Anthodia
752 1063 888 1136 similia
907 1063 1117 1157 specierum
1145 1063 1412 1137 nonnullarum
1430 1061 1596 1136 Arouioi
1617 1067 1656 1132 et

437 1190 609 1262 Duronia
629 1189 907 1282 distinguuntur
925 1191 1126 1284 praecipue
1154 1190 1318 1264 flosculis
1346 1191 1515 1284 ligulatis
1545 1188 1653 1263 radii

438 1317 760 1411 quatuor-uernis

548 1445 726 1517 Tinctum.

569 1766 753 1875 lllores
781 1765 1167 1875 tllramomillac
1188 1765 1485 1877 Romanae.

544 1990 722 2063 Andronis
747 1991 871 2063 nobilis
891 1991 1025 2082 Linn.,
1053 1992 1183 2084 planta
1206 1994 1393 2085 perennis
1418 1994 1458 2066 in
1485 1993 1654 2084 Europa

436 2117 669 2191 meridionali
696 2125 732 2193 et
757 2119 978 2192 occidentali
996 2119 1181 2210 indigena,
1213 2121 1313 2211 apud
1332 2141 1403 2192 nos
1422 2121 1655 2213 frequenter

436 2247 545 2319 culta.
570 2245 793 2341 Cornposiloe.

545 2372 737 2447 Anthodia
756 2375 945 2448 varietatis
966 2375 1085 2447 cultae
1105 2375 1324 2467 plerumque
1343 2375 1455 2469 plena
1484 2374 1652 2460 siccata,

438 2502 602 2574 flosculis
640 2502 809 2595 plurimis
847 2503 1008 2594 ligulatis
1047 2501 1152 2589 albia,
1199 2501 1382 2574 tubulosis
1428 2501 1468 2574 in
1508 2507 1652 2575 centro

435 2628 671 2720 paucissimis
708 2629 825 2718 flavis,
864 2630 1114 2722 perauthodio
1153 2627 1359 2718 imbricato,
1396 2629 1651 2722 receptaculo

435 2755 577 2846 conico,
596 2757 817 2846 medullosa,
839 2757 958 2850 paleis
978 2756 1497 2849 spatulatocymbilormibus
1516 2757 1653 2848 dupli-

435 2884 691 2958 cato-serratis
711 2884 843 2974 obsite,
870 2884 997 2957 odoris
1026 2884 1219 2957 aromatici
1246 2883 1456 2976 peculiaris,
1488 2885 1653 2978 saporis

435 3010 632 3084 aromatici
651 3017 689 3084 et
706 3013 902 3105 peramari.

541 3137 596 3210 Ne
636 3139 913 3212 confundantur
945 3160 1031 3211 cum
1064 3138 1253 3213 anthodiis
1287 3139 1408 3231 plenis
1442 3138 1653 3213 varietatis

439 3263 701 3360 Chrysantlromi
720 3265 903 3338 Parthenii
920 3266 1078 3358 (Pers),
1095 3267 1132 3338 in
1148 3267 1268 3340 hortis
1280 3268 1493 3361 Frequenter
1503 3267 1652 3356 cultae,

434 3393 670 3484 receptaculo
688 3394 791 3467 nudo
812 3394 1006 3468 distinctis.

544 3525 653 3616 Aqua
671 3521 917 3593 carminativo.

588 3898 773 4007 lllores
801 3899 1185 4008 Chamomillae
1214 3897 1480 4043 vulgaris.

546 4121 760 4194 Matricoria
787 4121 1017 4194 chamomilla
1045 4121 1179 4210 Linn.‚
1212 4124 1342 4215 planta
1371 4145 1510 4212 annua,
1547 4123 1658 4198 inter

435 4255 583 4342 segetes
604 4256 641 4324 et
659 4249 698 4323 in
716 4249 901 4323 ruderatis
922 4250 1065 4341 passim
1086 4271 1268 4324 crescens
1295 4250 1525 4346 Uorrrposilor.

544 4376 735 4452 Autlrodia
772 4378 918 4451 radiata
951 4378 1151 4451 muldllora
1188 4377 1338 4468 siccata,
1384 4379 1656 4470 peranthodio

439 4507 643 4595 imbricato
671 4506 907 4599 receptaculo
938 4505 1080 4594 conico,
1106 4506 1220 4594 nudo,
1252 4526 1357 4595 cavo,
1392 4512 1564 4598 quatuor
1604 4511 1658 4582 ad

439 4633 603 4726 quinque
622 4633 834 4707 millimetra
854 4634 939 4722 alt0,
958 4655 1078 4708 unum
1102 4639 1138 4707 et
1164 4633 1360 4706 dimidium
1383 4633 1660 4710 millimetrum

434 4761 522 4849 lat0,
544 4759 706 4832 flosculis
727 4759 821 4832 radii
841 4759 1003 4852 ligulatis
1024 4761 1128 4850 albia,
1149 4760 1243 4834 disci
1263 4757 1427 4833 minimis
1448 4761 1659 4838 tubulosis
