3574 5454
676 552 919 625 -157-

313 768 407 840 Kalii
427 767 586 840 bromati
616 769 800 842 exsiccati.
817 751 1110 861 denigrammata
1139 771 1213 844 duo
1240 771 1279 842 in
1307 792 1404 862 aquo

204 897 327 968 soluta
347 895 475 969 addito
494 895 659 987 pauxillo
680 897 767 969 kalii
784 897 972 986 chromici,
994 919 1063 971 neo
1082 897 1177 970 infra
1192 898 1355 971 sedecim
1371 904 1406 969 et

203 1023 397 1095 dimidium
418 1024 539 1114 (lo-5)
557 1045 626 1096 nec
646 1024 743 1097 ultra
762 1024 1029 1117 septemdecim
1047 1026 1169 1117 (17·0)
1186 1026 1404 1099 centimetra

203 1150 334 1223 cubica
358 1152 555 1224 solutionis
582 1152 815 1225 volumetrici
843 1154 985 1244 argenti
1018 1153 1137 1226 uitrici
1164 1159 1403 1247 consumant,

204 1279 323 1352 donec
337 1279 621 1372 praecipitatum
642 1259 776 1353 coloris
797 1281 896 1354 rubri
917 1303 993 1353 non
1014 1282 1173 1374 amplius
1200 1284 1403 1356 evanescit.

377 1747 592 1856 llalium
621 1748 969 1858 narbonionm
996 1749 1238 1857 orudum.

313 1989 510 2062 Continent
548 1989 587 2062 in
635 1995 784 2064 centum
810 1991 990 2083 partibus
1039 1990 1235 2062 minimum
1277 1995 1402 2082 partos

207 2122 258 2192 80
278 2118 371 2190 Kalii
392 2118 588 2206 carbonici,
610 2119 698 2191 hinc
725 2118 1015 2212 decigrammata
1035 2119 1109 2191 duo
1140 2117 1230 2191 salis
1259 2118 1403 2190 venalis

206 2246 333 2319 siccati
353 2245 549 2319 minimum
568 2246 759 2338 requirant
787 2248 1005 2320 centimetra
1034 2246 1166 2320 cubica
1185 2245 1314 2337 viginti
1334 2245 1405 2318 tria

207 2378 243 2445 et
263 2374 359 2445 duas
389 2374 552 2446 decimas
585 2375 688 2463 (232
715 2373 801 2464 CC.)
828 2374 1026 2447 solutionis
1047 2373 1342 2462 alcalimetrioae,
1363 2378 1404 2446 ut

204 2501 365 2593 perfecte
385 2505 611 2575 saturentur.

393 2950 606 3059 ilalium
633 2950 982 3059 sorbonicum
1008 2983 1218 3094 purum.

311 3193 438 3267 Pulvis
459 3194 578 3282 albus
598 3195 799 3267 reaetionis
829 3195 1018 3282 alcalinae,
1040 3201 1125 3265 altre
1150 3193 1305 3265 humido
1336 3193 1401 3265 dif-

204 3325 334 3410 lluens,
356 3321 558 3414 inaequali
579 3321 744 3413 pondere
764 3344 885 3414 aquae
905 3343 1060 3415 prorsus
1081 3326 1118 3394 et
1147 3321 1298 3412 quidem
1323 3321 1402 3392 lim-

207 3450 294 3542 pide
315 3448 495 3536 solubiliS,
530 3448 646 3520 acidis
681 3450 811 3521 affusis
839 3449 1054 3530 effervescit,
1088 3447 1203 3520 limbo
1232 3449 1404 3520 flammae

207 3598 341 3670 parum
355 3576 526 3666 lucentis,
543 3597 613 3668 ope
628 3575 681 3647 fili
695 3575 848 3668 platinei
864 3577 902 3649 in
917 3598 1048 3649 ansam
1064 3575 1205 3648 curvati
1219 3575 1406 3663 admotus

202 3705 395 3777 flammam
414 3703 580 3776 violaceo
602 3704 725 3776 colore
745 3703 871 3776 inficit.

314 3831 456 3904 Solutio
468 3852 622 3923 aquosa,
634 3833 671 3903 in
688 3832 913 3904 solutionem
929 3831 1071 3922 argenti
1082 3830 1202 3902 nitriei
1217 3830 1405 3918 instillata,

203 3959 486 4052 praecipitatum
506 3959 683 4051 praebeat
703 3980 803 4031 mere
823 3959 961 4046 album,
988 3958 1088 4050 quod
1123 3959 1245 4030 calore
1273 3958 1405 4030 leniter

204 4093 313 4162 aucto
334 4109 382 4159 ne
416 4087 602 4178 nigrescat
636 4093 672 4159 et
705 4087 813 4159 acido
847 4085 988 4172 nitrien,
1022 4085 1224 4176 perexiguo
1253 4086 1404 4158 nonnisi

203 4215 354 4289 residuo
369 4214 507 4302 reliet0,
525 4214 702 4287 solvatur.
720 4214 859 4286 Eadem
875 4212 964 4284 salis
980 4211 1115 4284 solutio
1130 4234 1200 4285 nec
1216 4214 1403 4286 ammonio

204 4342 508 4434 hydrosullurato
528 4347 702 4430 mutetur,
728 4361 808 4429 nee,
839 4340 974 4412 additis
1009 4340 1124 4430 guttis
1154 4341 1295 4432 aliquot
1320 4341 1404 4414 leni

205 4470 370 4543 sulfurici
391 4474 427 4541 et
447 4468 746 4561 sesquiehlorati,
768 4469 816 4540 ad
837 4467 1090 4541 ebullitionem
1116 4474 1244 4541 evecta
1263 4473 1298 4542 et
1318 4468 1404 4542 dein

204 4597 311 4670 acido
329 4596 615 4689 hydroehlorico
628 4600 919 4689 supersaturata,
932 4596 1182 4669 sedimentum
1193 4596 1404 4670 caeruleum

205 4725 351 4797 efficiat.
