<?xml version="1.0" encoding="UTF-8"?>
<!DOCTYPE html PUBLIC "-//W3C//DTD XHTML 1.0 Transitional//EN"
    "http://www.w3.org/TR/xhtml1/DTD/xhtml1-transitional.dtd">
<html xmlns="http://www.w3.org/1999/xhtml" xml:lang="en" lang="en">
 <head>
  <title>
</title>
<meta http-equiv="Content-Type" content="text/html;charset=utf-8" />
  <meta name='ocr-system' content='tesseract 3.04.00' />
  <meta name='ocr-capabilities' content='ocr_page ocr_carea ocr_par ocr_line ocrx_word'/>
</head>
<body>
  <div class='ocr_page' id='page_1' title='image "./pharmacopoeaaus00unkngoog_0288.png"; bbox 0 0 3576 5454; ppageno 0'>
   <div class='ocr_carea' id='block_1_1' title="bbox 682 557 925 630">
    <p class='ocr_par' dir='ltr' id='par_1_1' title="bbox 682 557 925 630">
     <span class='ocr_line' id='line_1_1' title="bbox 682 557 925 630; baseline 0 -1"><span class='ocrx_word' id='word_1_1' title='bbox 682 557 925 630; x_wconf 74' lang='lat' dir='ltr'>-aol-</span> 
     </span>
    </p>
   </div>
   <div class='ocr_carea' id='block_1_2' title="bbox 197 770 1403 1514">
    <p class='ocr_par' dir='ltr' id='par_1_2' title="bbox 197 770 1403 1122">
     <span class='ocr_line' id='line_1_2' title="bbox 308 770 1400 866; baseline -0.002 -20"><span class='ocrx_word' id='word_1_2' title='bbox 308 774 475 848; x_wconf 91' lang='lat' dir='ltr'>Miscella</span> <span class='ocrx_word' id='word_1_3' title='bbox 501 774 652 866; x_wconf 88' lang='lat' dir='ltr'>saepius</span> <span class='ocrx_word' id='word_1_4' title='bbox 682 773 857 866; x_wconf 83' lang='lat' dir='ltr'>agitando</span> <span class='ocrx_word' id='word_1_5' title='bbox 884 779 959 849; x_wconf 84' lang='lat' dir='ltr'>stet</span> <span class='ocrx_word' id='word_1_6' title='bbox 986 793 1054 865; x_wconf 91' lang='lat' dir='ltr'>per</span> <span class='ocrx_word' id='word_1_7' title='bbox 1078 772 1185 863; x_wconf 87' lang='lat' dir='ltr'>diem,</span> <span class='ocrx_word' id='word_1_8' title='bbox 1205 776 1285 845; x_wconf 87' lang='lat' dir='ltr'>tum</span> <span class='ocrx_word' id='word_1_9' title='bbox 1305 770 1400 844; x_wconf 89' lang='lat' dir='ltr'>sedi·</span> 
     </span>
     <span class='ocr_line' id='line_1_3' title="bbox 200 899 1403 995; baseline -0.002 -21"><span class='ocrx_word' id='word_1_10' title='bbox 200 907 367 974; x_wconf 87' lang='lat' dir='ltr'>mentum</span> <span class='ocrx_word' id='word_1_11' title='bbox 382 902 561 994; x_wconf 90' lang='lat' dir='ltr'>aliquore</span> <span class='ocrx_word' id='word_1_12' title='bbox 578 907 804 995; x_wconf 85' lang='lat' dir='ltr'>separatum,</span> <span class='ocrx_word' id='word_1_13' title='bbox 824 922 983 995; x_wconf 88' lang='lat' dir='ltr'>prorsus</span> <span class='ocrx_word' id='word_1_14' title='bbox 1003 899 1146 973; x_wconf 90' lang='lat' dir='ltr'>elutum</span> <span class='ocrx_word' id='word_1_15' title='bbox 1167 905 1202 973; x_wconf 87' lang='lat' dir='ltr'>et</span> <span class='ocrx_word' id='word_1_16' title='bbox 1223 900 1403 972; x_wconf 87' lang='lat' dir='ltr'>siccatum</span> 
     </span>
     <span class='ocr_line' id='line_1_4' title="bbox 197 1029 682 1122; baseline 0.002 -21"><span class='ocrx_word' id='word_1_17' title='bbox 197 1050 266 1122; x_wconf 90' lang='lat' dir='ltr'>per</span> <span class='ocrx_word' id='word_1_18' title='bbox 287 1029 447 1102; x_wconf 84' lang='lat' dir='ltr'>cribrum</span> <span class='ocrx_word' id='word_1_19' title='bbox 465 1029 682 1120; x_wconf 81' lang='lat' dir='ltr'>trajiciatur.</span> 
     </span>
    </p>

    <p class='ocr_par' dir='ltr' id='par_1_3' title="bbox 197 1153 1401 1514">
     <span class='ocr_line' id='line_1_5' title="bbox 309 1153 1401 1250; baseline 0.001 -23"><span class='ocrx_word' id='word_1_20' title='bbox 309 1155 364 1227; x_wconf 91' lang='lat' dir='ltr'>Sit</span> <span class='ocrx_word' id='word_1_21' title='bbox 391 1156 514 1248; x_wconf 88' lang='lat' dir='ltr'>pulvis</span> <span class='ocrx_word' id='word_1_22' title='bbox 547 1156 703 1250; x_wconf 75' lang='lat' dir='ltr'>subtilia,</span> <span class='ocrx_word' id='word_1_23' title='bbox 724 1156 898 1245; x_wconf 84' lang='lat' dir='ltr'>citrinos,</span> <span class='ocrx_word' id='word_1_24' title='bbox 934 1153 1177 1243; x_wconf 72' lang='lat' dir='ltr'>siccissimus</span> <span class='ocrx_word' id='word_1_25' title='bbox 1216 1156 1278 1248; x_wconf 90' lang='lat' dir='ltr'>qui</span> <span class='ocrx_word' id='word_1_26' title='bbox 1316 1177 1401 1228; x_wconf 92' lang='lat' dir='ltr'>cum</span> 
     </span>
     <span class='ocr_line' id='line_1_6' title="bbox 199 1282 1399 1376; baseline 0 -20"><span class='ocrx_word' id='word_1_27' title='bbox 199 1283 387 1356; x_wconf 89' lang='lat' dir='ltr'>ammonia</span> <span class='ocrx_word' id='word_1_28' title='bbox 395 1288 608 1376; x_wconf 66' lang='lat' dir='ltr'>quassatus</span> <span class='ocrx_word' id='word_1_29' title='bbox 616 1284 790 1358; x_wconf 83' lang='lat' dir='ltr'>liltrando</span> <span class='ocrx_word' id='word_1_30' title='bbox 800 1283 1171 1376; x_wconf 86' lang='lat' dir='ltr'>liquorempraebeat</span> <span class='ocrx_word' id='word_1_31' title='bbox 1179 1282 1399 1372; x_wconf 90' lang='lat' dir='ltr'>decolorem,</span> 
     </span>
     <span class='ocr_line' id='line_1_7' title="bbox 197 1409 1399 1514; baseline 0.001 -31"><span class='ocrx_word' id='word_1_32' title='bbox 197 1415 284 1514; x_wconf 82' lang='lat' dir='ltr'>post</span> <span class='ocrx_word' id='word_1_33' title='bbox 305 1411 607 1502; x_wconf 78' lang='lat' dir='ltr'>evaporationem</span> <span class='ocrx_word' id='word_1_34' title='bbox 635 1412 726 1485; x_wconf 91' lang='lat' dir='ltr'>nihil</span> <span class='ocrx_word' id='word_1_35' title='bbox 745 1411 883 1484; x_wconf 80' lang='lat' dir='ltr'>residui</span> <span class='ocrx_word' id='word_1_36' title='bbox 901 1409 1189 1504; x_wconf 88' lang='lat' dir='ltr'>relinquentem;</span> <span class='ocrx_word' id='word_1_37' title='bbox 1209 1410 1399 1484; x_wconf 87' lang='lat' dir='ltr'>humecta-</span> 
     </span>
    </p>
   </div>
   <div class='ocr_carea' id='block_1_3' title="bbox 198 1537 1553 1632">
    <p class='ocr_par' dir='ltr' id='par_1_4' title="bbox 198 1537 1553 1632">
     <span class='ocr_line' id='line_1_8' title="bbox 198 1537 1553 1632; baseline 0.004 -22"><span class='ocrx_word' id='word_1_38' title='bbox 198 1542 259 1610; x_wconf 85' lang='lat' dir='ltr'>tus</span> <span class='ocrx_word' id='word_1_39' title='bbox 280 1559 379 1630; x_wconf 93' lang='lat' dir='ltr'>aqua</span> <span class='ocrx_word' id='word_1_40' title='bbox 399 1537 568 1612; x_wconf 87' lang='lat' dir='ltr'>chartam</span> <span class='ocrx_word' id='word_1_41' title='bbox 585 1539 874 1632; x_wconf 78' lang='lat' dir='ltr'>exploratoriam</span> <span class='ocrx_word' id='word_1_42' title='bbox 894 1538 1105 1612; x_wconf 83' lang='lat' dir='ltr'>caeruleam</span> <span class='ocrx_word' id='word_1_43' title='bbox 1123 1558 1171 1610; x_wconf 93' lang='lat' dir='ltr'>ne</span> <span class='ocrx_word' id='word_1_44' title='bbox 1190 1537 1230 1610; x_wconf 90' lang='lat' dir='ltr'>in</span> <span class='ocrx_word' id='word_1_45' title='bbox 1248 1539 1401 1611; x_wconf 87' lang='lat' dir='ltr'>rubram</span> <span class='ocrx_word' id='word_1_46' title='bbox 1547 1603 1553 1616; x_wconf 91' lang='lat'><em>.</em></span> 
     </span>
    </p>
   </div>
   <div class='ocr_carea' id='block_1_4' title="bbox 197 1669 1291 2018">
    <p class='ocr_par' dir='ltr' id='par_1_5' title="bbox 197 1669 1291 2018">
     <span class='ocr_line' id='line_1_9' title="bbox 197 1669 327 1738; baseline 0.008 -1"><span class='ocrx_word' id='word_1_47' title='bbox 197 1669 327 1738; x_wconf 87' lang='lat' dir='ltr'>mutet.</span> 
     </span>
     <span class='ocr_line' id='line_1_10' title="bbox 307 1791 1291 1887; baseline 0.004 -25"><span class='ocrx_word' id='word_1_48' title='bbox 307 1791 544 1866; x_wconf 80' lang='lat' dir='ltr'>Fervefactus</span> <span class='ocrx_word' id='word_1_49' title='bbox 566 1793 744 1887; x_wconf 80' lang='lat' dir='ltr'>deflagrat</span> <span class='ocrx_word' id='word_1_50' title='bbox 761 1793 912 1867; x_wconf 85' lang='lat' dir='ltr'>residuo</span> <span class='ocrx_word' id='word_1_51' title='bbox 931 1792 1132 1886; x_wconf 79' lang='lat' dir='ltr'>perexiguo</span> <span class='ocrx_word' id='word_1_52' title='bbox 1151 1792 1291 1866; x_wconf 89' lang='lat' dir='ltr'>relicto.</span> 
     </span>
     <span class='ocr_line' id='line_1_11' title="bbox 309 1917 903 2018; baseline 0.007 -28"><span class='ocrx_word' id='word_1_53' title='bbox 309 1917 429 1990; x_wconf 80' lang='lat' dir='ltr'>Pulvis</span> <span class='ocrx_word' id='word_1_54' title='bbox 448 1917 666 2016; x_wconf 69' lang='lat' dir='ltr'>quuiritiae</span> <span class='ocrx_word' id='word_1_55' title='bbox 685 1921 903 2018; x_wconf 80' lang='lat' dir='ltr'>compositos.</span> 
     </span>
    </p>
   </div>
   <div class='ocr_carea' id='block_1_5' title="bbox 477 2204 1124 2480">
    <p class='ocr_par' dir='ltr' id='par_1_6' title="bbox 477 2204 1124 2480">
     <span class='ocr_line' id='line_1_12' title="bbox 477 2204 1124 2351; baseline 0 -37"><span class='ocrx_word' id='word_1_56' title='bbox 477 2204 661 2317; x_wconf 85' lang='lat' dir='ltr'>Sulfur</span> <span class='ocrx_word' id='word_1_57' title='bbox 686 2207 1124 2351; x_wconf 84' lang='lat' dir='ltr'>praecipit-atum.</span> 
     </span>
     <span class='ocr_line' id='line_1_13' title="bbox 654 2400 937 2480; baseline -0.011 0"><span class='ocrx_word' id='word_1_58' title='bbox 654 2401 740 2480; x_wconf 76' lang='lat' dir='ltr'>Lac</span> <span class='ocrx_word' id='word_1_59' title='bbox 763 2400 937 2480; x_wconf 70' lang='lat' dir='ltr'>sumus.</span> 
     </span>
    </p>
   </div>
   <div class='ocr_carea' id='block_1_6' title="bbox 187 2569 1397 4718">
    <p class='ocr_par' dir='ltr' id='par_1_7' title="bbox 192 2569 1397 3313">
     <span class='ocr_line' id='line_1_14' title="bbox 196 2569 1397 2674; baseline 0.003 -30"><span class='ocrx_word' id='word_1_60' title='bbox 196 2572 296 2665; x_wconf 89' lang='lat' dir='ltr'>Rpe:</span> <span class='ocrx_word' id='word_1_61' title='bbox 332 2569 440 2649; x_wconf 76' lang='lat' dir='ltr'>dulcit</span> <span class='ocrx_word' id='word_1_62' title='bbox 455 2571 601 2674; x_wconf 75' lang='lat' dir='ltr'>oxydotl</span> <span class='ocrx_word' id='word_1_63' title='bbox 617 2579 784 2655; x_wconf 74' lang='lat' dir='ltr'>recenter</span> <span class='ocrx_word' id='word_1_64' title='bbox 799 2576 873 2655; x_wconf 78' lang='lat' dir='ltr'>usti</span> <span class='ocrx_word' id='word_1_65' title='bbox 899 2575 1269 2674; x_wconf 74' lang='lat' dir='ltr'>qrammotadcceoto.</span> <span class='ocrx_word' id='word_1_66' title='bbox 1319 2575 1397 2648; x_wconf 73' lang='lat'>000</span> 
     </span>
     <span class='ocr_line' id='line_1_15' title="bbox 304 2699 734 2778; baseline 0.019 -7"><span class='ocrx_word' id='word_1_67' title='bbox 304 2699 347 2772; x_wconf 89' lang='lat' dir='ltr'>ln</span> <span class='ocrx_word' id='word_1_68' title='bbox 366 2701 487 2774; x_wconf 84' lang='lat' dir='ltr'>lebete</span> <span class='ocrx_word' id='word_1_69' title='bbox 506 2703 627 2777; x_wconf 86' lang='lat' dir='ltr'>ferreo</span> <span class='ocrx_word' id='word_1_70' title='bbox 649 2727 734 2778; x_wconf 91' lang='lat' dir='ltr'>cum</span> 
     </span>
     <span class='ocr_line' id='line_1_16' title="bbox 330 2824 1395 2930; baseline -0.002 -26"><span class='ocrx_word' id='word_1_71' title='bbox 330 2824 452 2930; x_wconf 70' lang='lat' dir='ltr'>Aque</span> <span class='ocrx_word' id='word_1_72' title='bbox 505 2833 678 2927; x_wconf 76' lang='lat' dir='ltr'>qrammis</span> <span class='ocrx_word' id='word_1_73' title='bbox 697 2833 791 2906; x_wconf 82' lang='lat' dir='ltr'>mille</span> <span class='ocrx_word' id='word_1_74' title='bbox 805 2833 961 2907; x_wconf 80' lang='lat' dir='ltr'>ducentis</span> <span class='ocrx_word' id='word_1_75' title='bbox 1293 2831 1395 2903; x_wconf 76' lang='lat'><strong>1000</strong></span> 
     </span>
     <span class='ocr_line' id='line_1_17' title="bbox 192 2955 760 3048; baseline 0.016 -21"><span class='ocrx_word' id='word_1_76' title='bbox 192 2955 233 3027; x_wconf 93' lang='lat' dir='ltr'>in</span> <span class='ocrx_word' id='word_1_77' title='bbox 250 2955 395 3048; x_wconf 87' lang='lat' dir='ltr'>pultem</span> <span class='ocrx_word' id='word_1_78' title='bbox 414 2956 575 3032; x_wconf 88' lang='lat' dir='ltr'>redactis</span> <span class='ocrx_word' id='word_1_79' title='bbox 594 2961 760 3036; x_wconf 88' lang='lat' dir='ltr'>admisce</span> 
     </span>
     <span class='ocr_line' id='line_1_18' title="bbox 330 3078 1395 3186; baseline -0.002 -26"><span class='ocrx_word' id='word_1_80' title='bbox 330 3078 487 3160; x_wconf 73' lang='lat' dir='ltr'>salsuris</span> <span class='ocrx_word' id='word_1_81' title='bbox 506 3080 692 3164; x_wconf 75' lang='lat' dir='ltr'>subllntl</span> <span class='ocrx_word' id='word_1_82' title='bbox 746 3093 951 3186; x_wconf 74' lang='lat' dir='ltr'>qrammoto</span> <span class='ocrx_word' id='word_1_83' title='bbox 971 3088 1160 3184; x_wconf 73' lang='lat' dir='ltr'>qoinqcnto</span> <span class='ocrx_word' id='word_1_84' title='bbox 1317 3087 1395 3160; x_wconf 87' lang='lat'>500</span> 
     </span>
     <span class='ocr_line' id='line_1_19' title="bbox 328 3208 1394 3313; baseline 0 -28"><span class='ocrx_word' id='word_1_85' title='bbox 328 3208 449 3308; x_wconf 74' lang='lat' dir='ltr'>liqna</span> <span class='ocrx_word' id='word_1_86' title='bbox 512 3221 751 3309; x_wconf 76' lang='lat' dir='ltr'>qrammalum</span> <span class='ocrx_word' id='word_1_87' title='bbox 770 3217 924 3313; x_wconf 79' lang='lat' dir='ltr'>quinque</span> <span class='ocrx_word' id='word_1_88' title='bbox 943 3215 1067 3288; x_wconf 81' lang='lat' dir='ltr'>millio.</span> <span class='ocrx_word' id='word_1_89' title='bbox 1290 3215 1394 3287; x_wconf 90' lang='lat'><strong>5000</strong></span> 
     </span>
    </p>

    <p class='ocr_par' dir='ltr' id='par_1_8' title="bbox 191 3338 1396 3558">
     <span class='ocr_line' id='line_1_20' title="bbox 303 3338 1396 3436; baseline 0.004 -26"><span class='ocrx_word' id='word_1_90' title='bbox 303 3338 417 3411; x_wconf 78' lang='lat' dir='ltr'>Mixta</span> <span class='ocrx_word' id='word_1_91' title='bbox 437 3339 509 3412; x_wconf 86' lang='lat' dir='ltr'>sub</span> <span class='ocrx_word' id='word_1_92' title='bbox 526 3341 703 3415; x_wconf 87' lang='lat' dir='ltr'>continua</span> <span class='ocrx_word' id='word_1_93' title='bbox 718 3345 921 3435; x_wconf 84' lang='lat' dir='ltr'>agitatione</span> <span class='ocrx_word' id='word_1_94' title='bbox 943 3348 1154 3436; x_wconf 89' lang='lat' dir='ltr'>coquantur</span> <span class='ocrx_word' id='word_1_95' title='bbox 1172 3361 1240 3433; x_wconf 93' lang='lat' dir='ltr'>per</span> <span class='ocrx_word' id='word_1_96' title='bbox 1259 3341 1396 3414; x_wconf 90' lang='lat' dir='ltr'>horam</span> 
     </span>
     <span class='ocr_line' id='line_1_21' title="bbox 191 3470 1029 3558; baseline 0.011 -23"><span class='ocrx_word' id='word_1_97' title='bbox 191 3485 330 3557; x_wconf 88' lang='lat' dir='ltr'>aquarn</span> <span class='ocrx_word' id='word_1_98' title='bbox 349 3472 589 3558; x_wconf 86' lang='lat' dir='ltr'>evaporatam</span> <span class='ocrx_word' id='word_1_99' title='bbox 609 3470 766 3544; x_wconf 86' lang='lat' dir='ltr'>subinde</span> <span class='ocrx_word' id='word_1_100' title='bbox 786 3472 1029 3546; x_wconf 87' lang='lat' dir='ltr'>restituendo.</span> 
     </span>
    </p>

    <p class='ocr_par' dir='ltr' id='par_1_9' title="bbox 189 3593 1393 3817">
     <span class='ocr_line' id='line_1_22' title="bbox 299 3593 1393 3691; baseline 0.005 -26"><span class='ocrx_word' id='word_1_101' title='bbox 299 3593 393 3666; x_wconf 91' lang='lat' dir='ltr'>Dein</span> <span class='ocrx_word' id='word_1_102' title='bbox 413 3593 596 3686; x_wconf 87' lang='lat' dir='ltr'>liquorem</span> <span class='ocrx_word' id='word_1_103' title='bbox 621 3597 782 3670; x_wconf 86' lang='lat' dir='ltr'>delunde</span> <span class='ocrx_word' id='word_1_104' title='bbox 814 3599 853 3672; x_wconf 93' lang='lat' dir='ltr'>in</span> <span class='ocrx_word' id='word_1_105' title='bbox 879 3601 1064 3691; x_wconf 83' lang='lat' dir='ltr'>lagenam,</span> <span class='ocrx_word' id='word_1_106' title='bbox 1089 3602 1178 3691; x_wconf 91' lang='lat' dir='ltr'>post</span> <span class='ocrx_word' id='word_1_107' title='bbox 1202 3597 1393 3691; x_wconf 81' lang='lat' dir='ltr'>refrigera-</span> 
     </span>
     <span class='ocr_line' id='line_1_23' title="bbox 189 3719 1290 3817; baseline 0.006 -26"><span class='ocrx_word' id='word_1_108' title='bbox 189 3719 329 3792; x_wconf 87' lang='lat' dir='ltr'>tionem</span> <span class='ocrx_word' id='word_1_109' title='bbox 349 3721 443 3795; x_wconf 87' lang='lat' dir='ltr'>bene</span> <span class='ocrx_word' id='word_1_110' title='bbox 465 3722 631 3797; x_wconf 90' lang='lat' dir='ltr'>clausam</span> <span class='ocrx_word' id='word_1_111' title='bbox 652 3731 687 3798; x_wconf 87' lang='lat' dir='ltr'>et</span> <span class='ocrx_word' id='word_1_112' title='bbox 706 3725 899 3800; x_wconf 90' lang='lat' dir='ltr'>residuum</span> <span class='ocrx_word' id='word_1_113' title='bbox 920 3727 1044 3800; x_wconf 89' lang='lat' dir='ltr'>denuo</span> <span class='ocrx_word' id='word_1_114' title='bbox 1065 3747 1183 3817; x_wconf 92' lang='lat' dir='ltr'>coque</span> <span class='ocrx_word' id='word_1_115' title='bbox 1205 3747 1290 3798; x_wconf 91' lang='lat' dir='ltr'>cum</span> 
     </span>
    </p>

    <p class='ocr_par' dir='ltr' id='par_1_10' title="bbox 188 3844 1392 4065">
     <span class='ocr_line' id='line_1_24' title="bbox 326 3844 1392 3948; baseline 0.004 -27"><span class='ocrx_word' id='word_1_116' title='bbox 326 3844 446 3947; x_wconf 78' lang='lat' dir='ltr'>liquo</span> <span class='ocrx_word' id='word_1_117' title='bbox 518 3858 759 3948; x_wconf 70' lang='lat' dir='ltr'>qrammatum</span> <span class='ocrx_word' id='word_1_118' title='bbox 779 3854 891 3926; x_wconf 81' lang='lat' dir='ltr'>tribus</span> <span class='ocrx_word' id='word_1_119' title='bbox 911 3854 1066 3927; x_wconf 80' lang='lat' dir='ltr'>millibus</span> <span class='ocrx_word' id='word_1_120' title='bbox 1288 3856 1392 3927; x_wconf 89' lang='lat'><strong>3000</strong></span> 
     </span>
     <span class='ocr_line' id='line_1_25' title="bbox 188 3975 513 4065; baseline 0.022 -21"><span class='ocrx_word' id='word_1_121' title='bbox 188 3992 256 4065; x_wconf 86' lang='lat' dir='ltr'>per</span> <span class='ocrx_word' id='word_1_122' title='bbox 274 3975 513 4050; x_wconf 87' lang='lat' dir='ltr'>semihoram.</span> 
     </span>
    </p>

    <p class='ocr_par' dir='ltr' id='par_1_11' title="bbox 187 4101 1395 4575">
     <span class='ocr_line' id='line_1_26' title="bbox 297 4101 1395 4200; baseline 0.005 -26"><span class='ocrx_word' id='word_1_123' title='bbox 297 4101 406 4176; x_wconf 91' lang='lat' dir='ltr'>Hunc</span> <span class='ocrx_word' id='word_1_124' title='bbox 430 4125 579 4197; x_wconf 91' lang='lat' dir='ltr'>quoque</span> <span class='ocrx_word' id='word_1_125' title='bbox 607 4105 792 4199; x_wconf 89' lang='lat' dir='ltr'>liquorem</span> <span class='ocrx_word' id='word_1_126' title='bbox 820 4108 859 4180; x_wconf 93' lang='lat' dir='ltr'>in</span> <span class='ocrx_word' id='word_1_127' title='bbox 878 4108 1051 4200; x_wconf 86' lang='lat' dir='ltr'>lagenam</span> <span class='ocrx_word' id='word_1_128' title='bbox 1076 4108 1240 4197; x_wconf 89' lang='lat' dir='ltr'>infunde,</span> <span class='ocrx_word' id='word_1_129' title='bbox 1271 4129 1289 4179; x_wconf 94' lang='lat' dir='ltr'>e</span> <span class='ocrx_word' id='word_1_130' title='bbox 1319 4128 1395 4199; x_wconf 91' lang='lat' dir='ltr'>qua</span> 
     </span>
     <span class='ocr_line' id='line_1_27' title="bbox 187 4227 1394 4329; baseline 0.006 -29"><span class='ocrx_word' id='word_1_131' title='bbox 187 4227 396 4303; x_wconf 87' lang='lat' dir='ltr'>sedimento</span> <span class='ocrx_word' id='word_1_132' title='bbox 435 4231 615 4325; x_wconf 81' lang='lat' dir='ltr'>deposito,</span> <span class='ocrx_word' id='word_1_133' title='bbox 659 4235 829 4327; x_wconf 89' lang='lat' dir='ltr'>siphonis</span> <span class='ocrx_word' id='word_1_134' title='bbox 869 4256 939 4328; x_wconf 88' lang='lat' dir='ltr'>ope</span> <span class='ocrx_word' id='word_1_135' title='bbox 977 4236 1161 4329; x_wconf 87' lang='lat' dir='ltr'>liquorem</span> <span class='ocrx_word' id='word_1_136' title='bbox 1199 4233 1394 4326; x_wconf 91' lang='lat' dir='ltr'>limpidum</span> 
     </span>
     <span class='ocr_line' id='line_1_28' title="bbox 187 4356 1393 4455; baseline 0.005 -27"><span class='ocrx_word' id='word_1_137' title='bbox 187 4356 366 4430; x_wconf 87' lang='lat' dir='ltr'>abstrahe</span> <span class='ocrx_word' id='word_1_138' title='bbox 400 4359 439 4430; x_wconf 93' lang='lat' dir='ltr'>in</span> <span class='ocrx_word' id='word_1_139' title='bbox 472 4381 539 4432; x_wconf 84' lang='lat' dir='ltr'>vas</span> <span class='ocrx_word' id='word_1_140' title='bbox 569 4362 662 4434; x_wconf 89' lang='lat' dir='ltr'>satis</span> <span class='ocrx_word' id='word_1_141' title='bbox 692 4385 826 4455; x_wconf 73' lang='lat' dir='ltr'>capas,</span> <span class='ocrx_word' id='word_1_142' title='bbox 856 4371 891 4436; x_wconf 91' lang='lat' dir='ltr'>et</span> <span class='ocrx_word' id='word_1_143' title='bbox 921 4365 1085 4437; x_wconf 85' lang='lat' dir='ltr'>admisce</span> <span class='ocrx_word' id='word_1_144' title='bbox 1115 4363 1185 4437; x_wconf 91' lang='lat' dir='ltr'>sub</span> <span class='ocrx_word' id='word_1_145' title='bbox 1218 4361 1393 4434; x_wconf 88' lang='lat' dir='ltr'>continua</span> 
     </span>
     <span class='ocr_line' id='line_1_29' title="bbox 187 4483 679 4575; baseline 0.014 -21"><span class='ocrx_word' id='word_1_146' title='bbox 187 4483 388 4575; x_wconf 84' lang='lat' dir='ltr'>agitatione</span> <span class='ocrx_word' id='word_1_147' title='bbox 407 4487 614 4561; x_wconf 89' lang='lat' dir='ltr'>miscellam</span> <span class='ocrx_word' id='word_1_148' title='bbox 634 4511 679 4561; x_wconf 86' lang='lat' dir='ltr'>ex</span> 
     </span>
    </p>

    <p class='ocr_par' dir='ltr' id='par_1_12' title="bbox 322 4606 1068 4718">
     <span class='ocr_line' id='line_1_30' title="bbox 322 4606 1068 4718; baseline 0.008 -33"><span class='ocrx_word' id='word_1_149' title='bbox 322 4606 426 4687; x_wconf 77' lang='lat' dir='ltr'>loidi</span> <span class='ocrx_word' id='word_1_150' title='bbox 445 4610 718 4714; x_wconf 74' lang='lat' dir='ltr'>hydroohlorlcl</span> <span class='ocrx_word' id='word_1_151' title='bbox 739 4616 965 4695; x_wconf 75' lang='lat' dir='ltr'>couoertrctl</span> <span class='ocrx_word' id='word_1_152' title='bbox 986 4615 1068 4718; x_wconf 76' lang='lat' dir='ltr'>pori</span> 
     </span>
    </p>
   </div>
   <div class='ocr_carea' id='block_1_7' title="bbox 551 4743 1282 4845">
    <p class='ocr_par' dir='ltr' id='par_1_13' title="bbox 551 4743 1282 4845">
     <span class='ocr_line' id='line_1_31' title="bbox 551 4743 1282 4845; baseline 0.008 -31"><span class='ocrx_word' id='word_1_153' title='bbox 551 4765 583 4837; x_wconf 85' lang='lat' dir='ltr'>q.</span> <span class='ocrx_word' id='word_1_154' title='bbox 604 4765 633 4815; x_wconf 83' lang='lat' dir='ltr'>s.</span> <span class='ocrx_word' id='word_1_155' title='bbox 657 4743 813 4834; x_wconf 82' lang='lat' dir='ltr'>(circiter</span> <span class='ocrx_word' id='word_1_156' title='bbox 829 4752 1034 4843; x_wconf 73' lang='lat' dir='ltr'>qrammota</span> <span class='ocrx_word' id='word_1_157' title='bbox 1052 4747 1282 4845; x_wconf 70' lang='lat' dir='ltr'>septinqenta)</span> 
     </span>
    </p>
   </div>
   <div class='ocr_carea' id='block_1_8' title="bbox 0 0 1792 5454">
    <p class='ocr_par' dir='ltr' id='par_1_14' title="bbox 0 0 1792 5454">
     <span class='ocr_line' id='line_1_32' title="bbox 0 0 1792 5454; baseline 0 4"><span class='ocrx_word' id='word_1_158' title='bbox 0 0 1792 5454; x_wconf 95' lang='lat' dir='ltr'> </span> 
     </span>
    </p>
   </div>
  </div>
 </body>
</html>
