3576 5454
911 513 1146 588 —nal-

763 728 938 838 Radix
964 727 1278 838 bodoariac.

793 977 991 1056 Rhizoma
1014 976 1248 1056 Zedoariao.

541 1170 715 1242 Corcuma
739 1169 911 1242 Zedoorio
930 1173 1116 1262 Roscoe,
1136 1172 1265 1263 planta
1279 1171 1465 1262 perennis,
1486 1173 1522 1242 in
1536 1173 1620 1244 Asia

425 1300 569 1392 tropica
587 1299 773 1390 indigena.
797 1298 1071 1394 Zioqidcroccae.

534 1428 689 1500 Cormus
710 1426 827 1499 ovalis
848 1432 912 1500 aut
935 1427 1157 1518 pyriformis,
1183 1426 1393 1516 annulatus,
1418 1447 1485 1518 per
1504 1431 1618 1498 trans-

425 1578 585 1639 versum,
604 1554 792 1627 interdum
810 1576 879 1646 per
897 1554 1165 1645 longitudinem
1185 1559 1310 1626 sectus
1331 1558 1367 1625 et
1386 1553 1559 1626 siccatus.

533 1682 684 1755 Occurit
701 1680 923 1773 plerumque.
951 1681 990 1752 in
1018 1680 1146 1753 frustis
1176 1681 1448 1753 disciformibus
1478 1681 1617 1754 orbicu-

421 1811 516 1901 latis,
537 1811 584 1882 ad
600 1814 761 1902 quatuor
776 1809 992 1880 centimetra
1006 1809 1098 1898 latis
1121 1808 1285 1900 quinque
1306 1806 1354 1880 ad
1374 1808 1504 1881 decem
1518 1809 1618 1881 milli-

422 1944 541 2012 metra
570 1937 714 2026 crassis
745 1936 881 2008 eoloris
910 1934 1132 2027 generaliter
1161 1955 1180 2006 e
1210 1936 1332 2026 griseo
1363 1935 1530 2007 subfusci
1559 1941 1620 2007 aut

421 2062 844 2154 subrubescenti-grisei,
862 2063 1093 2136 extrinsecus
1113 2063 1357 2156 peridermate
1383 2061 1618 2134 ochroleuco-

420 2197 652 2268 luscescente
690 2191 921 2283 singulisque
967 2192 1135 2263 radicum
1182 2189 1398 2282 fragmentis
1435 2190 1620 2281 praeditis

421 2319 668 2393 crassioribus
687 2319 847 2392 residuis
867 2319 1041 2391 foliorum
1061 2317 1257 2410 annulatis,
1275 2317 1390 2408 duriS,
1405 2317 1443 2388 in
1461 2318 1621 2389 fractura

420 2448 567 2540 aequali
587 2445 724 2536 solidis,
746 2445 871 2518 odoris
892 2444 1081 2518 aromatici
1110 2444 1451 2537 subeamplroraeei,
1476 2444 1619 2536 saporis

420 2575 621 2663 aromatici,
643 2574 846 2646 subamari.

529 2701 650 2774 Sectio
670 2707 886 2772 transversa
905 2698 1184 2790 albino-grisea,
1204 2699 1415 2771 numerosis
1443 2704 1617 2791 punctata

419 2830 561 2902 cellulis
591 2828 751 2901 olelferis
781 2832 817 2899 et
845 2826 1031 2899 fasciculis
1059 2847 1237 2898 vasorum
1260 2824 1435 2917 disjectis
1460 2832 1616 2898 stratum

418 2962 620 3048 angustum
639 2954 872 3048 perifericum
891 2954 1036 3046 probat,
1056 2959 1197 3045 aparte
1213 2952 1366 3026 centrali
1382 2953 1507 3045 ampla
1520 2953 1616 3026 linea

417 3083 690 3156 endodermidis
712 3081 835 3153 albida
855 3087 1078 3172 separatum.

527 3211 670 3282 Acetum
690 3207 932 3280 aromaticum.
1130 3193 1138 3208 ⁸

751 3749 927 3859 Radix
952 3747 1274 3891 zingiberis.

787 3978 985 4056 Rhizoma
1009 3975 1239 4082 Zingiboris.

524 4187 690 4286 Ziuqibcr
710 4189 883 4286 officinale
902 4189 1088 4277 Roscoe,
1108 4190 1239 4280 planta
1257 4187 1443 4280 perennis²
1468 4188 1507 4258 in
1525 4187 1610 4258 Asia

416 4319 555 4410 tropica
573 4317 755 4408 indigena,
776 4317 914 4389 ibidem
934 4321 1044 4408 atque
1064 4316 1103 4388 in
1122 4316 1203 4389 aliis
1232 4317 1341 4388 terris
1372 4315 1522 4407 tropicis
1541 4314 1607 4385 fre-

414 4450 571 4537 quenter
591 4444 701 4516 culta.
725 4442 998 4539 Zinqibcroccuc.

520 4571 705 4644 erizoma
742 4570 1138 4660 tuberum-ramosum,
1179 4569 1461 4663 superficialiter
1497 4589 1607 4640 annu-

411 4702 536 4790 latum,
554 4700 782 4791 depressum,
800 4697 987 4770 radicibus
999 4697 1178 4787 orbatum,
1189 4697 1324 4789 partim
1336 4695 1606 4785 decorticatmn‚
