3598 5466
868 485 1108 557 -096-

500 703 581 775 Hoc
620 703 764 794 liquore
797 703 986 794 tingantur
1022 707 1216 796 segmenta
1254 701 1407 775 chartae
1440 701 1590 774 bibulae

393 829 503 901 albae
524 830 570 901 ad
592 830 803 923 parandam
823 829 993 903 chartam
1013 829 1300 924 exploratoriam
1321 828 1541 902 caeruleam.

503 956 562 1028 nd
601 957 772 1031 chariam
821 957 1113 1050 exploratoriam
1160 957 1313 1031 rubram
1360 956 1591 1029 efficiendam

394 1084 572 1157 solutioni
593 1085 719 1158 laccae
740 1085 858 1158 musci
878 1085 1038 1159 addatur
1066 1085 1159 1159 acidi
1184 1084 1428 1178 phosphorici
1448 1087 1590 1156 tantum

395 1215 436 1283 ut
458 1213 561 1285 color
580 1233 626 1284 ex
647 1214 796 1286 caerulo
816 1213 856 1285 in
874 1213 1029 1286 rubrum
1050 1218 1191 1306 vergat.

507 1339 652 1412 Solutio
679 1345 851 1413 servetur
876 1341 913 1412 in
942 1341 1077 1432 lagena
1104 1340 1167 1412 vix
1190 1339 1289 1412 ultra
1318 1338 1509 1412 dimidium
1538 1361 1592 1412 re·

393 1466 534 1558 plenda
555 1470 592 1539 et
612 1465 808 1558 epistomei
829 1468 913 1540 loco
934 1467 1112 1561 gossypio
1131 1467 1215 1540 laxe
1236 1467 1458 1540 obturanda.

392 1679 590 1783 Spiritus
610 1680 717 1764 Vini
737 1681 991 1765 absolubile.

392 1860 610 1946 Stnnnum
629 1861 859 1947 foliatum.

391 2044 579 2129 Zinoum
598 2044 902 2146 granulatum.

686 2373 942 2458 solutiones
962 2372 1300 2456 volumetricse.

605 2528 756 2608 Solutio
781 2527 1057 2608 acidimetrica
1080 2528 1375 2634 decinormalis.

691 2690 726 2780 (1
751 2687 809 2760 CC
827 2719 874 2751 =
893 2689 1012 2760 0004
1032 2709 1125 2779 grm.
1145 2687 1296 2776 NaOH).

534 2865 650 2945 sacro
669 2867 936 2969 hydrooxydati
956 2867 1141 2968 purissimi

798 3005 993 3092 qromoroto
1015 3005 1165 3093 quotuor
1183 3004 1213 3069 et
1232 2997 1417 3070 dimidium
1476 2998 1589 3070 nsoo

392 3122 548 3195 immitte
573 3123 612 3196 in
622 3124 863 3214 cucurbitam,
882 3147 979 3218 quae
994 3125 1247 3199 circumducta
1261 3125 1361 3198 linea
1380 3146 1590 3198 mensuram

391 3251 506 3323 unius
527 3251 631 3324 litrae
653 3258 782 3326 exacte
802 3252 942 3325 indicat
961 3259 998 3326 et
1017 3254 1113 3326 adde

533 3375 655 3480 ique
677 3377 885 3457 destillatno
904 3383 1073 3457 excoctae
1093 3383 1130 3456 et
1144 3378 1193 3457 ml
1207 3381 1490 3480 temperatum
1505 3378 1589 3456 soli-

531 3507 604 3583 tam
626 3505 737 3606 (15⁰)
759 3505 1001 3606 refrigeratio
1130 3495 1353 3603 quantitatem
1374 3507 1591 3601 sufficientem

391 3639 433 3706 ut
451 3655 635 3706 mensura
654 3634 760 3707 litrae
781 3635 893 3708 unius
913 3636 1025 3729 plane
1045 3636 1245 3728 repleatur.

501 3761 655 3851 Solatia,
678 3763 710 3834 si
730 3783 806 3834 non
827 3769 930 3836 esset
949 3763 1113 3855 limpida,
1133 3762 1301 3835 filtretur.

500 3889 559 3961 nd
587 3890 814 3963 solutionem
846 3891 1131 3964 volumetricam
1165 3891 1456 3964 decinormalem
1485 3881 1590 3984 perfi-

392 4015 567 4089 ciendam
589 4016 727 4090 solutio
749 4022 855 4090 tanta
875 4019 1085 4110 quantitate
1102 4039 1224 4110 aquae
1246 4018 1456 4092 destillatae
1477 4020 1589 4092 dilua-

390 4149 460 4232 tur,
478 4149 663 4236 quantum
682 4145 891 4236 requiritur,
913 4151 954 4218 ut
971 4147 1119 4236 singula
1135 4145 1216 4234 ejus
1233 4147 1452 4220 centimetra
1466 4147 1591 4219 cubica

391 4271 695 4362 milligrammata
724 4278 908 4365 quaterna
936 4272 1047 4345 natrii
1067 4273 1340 4365 hydrooxydati
1366 4275 1589 4348 contineant.

487 4398 543 4505 ‘ln
563 4399 666 4472 hune
685 4400 799 4473 finem
821 4401 1020 4473 solutionis
1041 4400 1221 4473 alealinae
1247 4401 1475 4475 centimetris
1497 4403 1590 4474 cubi·

392 4527 444 4599 cis
474 4527 604 4618 viginti
639 4548 725 4600 eum
762 4529 873 4620 guttis
910 4528 1052 4620 aliquot
1088 4528 1285 4602 solutionis
1318 4530 1445 4602 laccae
1474 4531 1591 4603 musci

392 4656 514 4727 colore
561 4655 734 4727 caeruleo
772 4655 894 4727 tinctis
931 4655 1127 4728 instilletur
1164 4677 1208 4729 ex
1246 4656 1338 4728 tubo
1374 4663 1587 4730 mensurato
