3576 5454
693 553 935 625 -xtta-

213 770 481 862 longitudinem
501 791 651 863 rugosa,
672 772 830 844 obscure
851 771 958 843 fusca
984 769 1192 861 gibbosum,
1223 788 1411 859 asperum,

213 897 381 990 rigidum,
408 898 554 984 durum,
580 898 618 969 in
649 898 813 972 fractura
841 896 1063 988 subaequali
1087 917 1224 968 cornea
1255 893 1410 986 pulchre

214 1027 363 1115 flavum,
395 1027 434 1097 in
463 1027 627 1098 sectione
653 1032 872 1098 transversa
891 1025 1027 1097 circulo
1057 1045 1076 1095 e
1105 1022 1295 1095 nonnullis
1324 1022 1411 1113 ligni

214 1153 411 1245 fasciculis,
443 1154 664 1246 plerumque
699 1153 1001 1243 cuneiformibus,
1034 1152 1215 1244 angustis
1248 1150 1411 1236 remotis

213 1283 356 1376 passim
375 1303 463 1354 vero
484 1282 761 1375 approximatis
787 1283 947 1355 obscure
967 1281 1092 1370 fuscis
1118 1280 1214 1352 inter
1237 1278 1411 1351 corticem

215 1410 508 1483 crassiusculum
555 1415 592 1482 et
633 1410 838 1482 medullam
874 1408 1133 1482 orbicularem.
1173 1405 1324 1499 Saporis
1355 1408 1412 1476 est

215 1539 551 1626 nauseosoamari,
567 1538 799 1610 masticando
820 1537 978 1610 salivam
993 1536 1117 1608 colore
1133 1534 1231 1607 flavo
1250 1535 1409 1625 tingens

325 1683 534 1757 Extractum
551 1682 716 1779 fluidum.

316 2121 613 2234 nauta
648 2119 1324 2257 Ipecacmmlme.

330 2375 509 2472 depluens
529 2376 768 2473 Ipeeacuaada
787 2375 1062 2465 Willdenow‚
1081 2375 1211 2468 planta
1225 2372 1411 2466 perennis,

213 2507 252 2579 in
271 2506 373 2578 silvis
394 2506 558 2578 humidis
577 2505 756 2578 Brasiliae
777 2509 998 2598 spontanea.
1025 2502 1228 2575 Hobiaceac.

324 2651 536 2742 Radicese
571 2651 775 2723 rhizomate
804 2651 906 2723 tenui
935 2650 1081 2722 nodoso
1112 2653 1265 2741 repente
1296 2652 1411 2733 ortae,

211 2780 382 2870 siccatae,
401 2781 578 2871 integrae,
612 2780 815 2868 flexuosae,
845 2778 893 2849 ad
914 2779 1164 2850 extremitates
1186 2779 1410 2863 attenuatae,

209 2907 429 3000 plerumque
468 2912 597 2980 autem
633 2907 671 2978 in
709 2906 937 2998 fragmentis,
977 2905 1103 2996 quoad
1139 2903 1411 2996 longitudinem

209 3035 481 3127 inaequalibus
512 3037 672 3126 quatuor
700 3033 749 3107 ad
775 3033 939 3126 quinque
968 3032 1177 3105 millimetra
1204 3031 1353 3122 crassis,
1373 3031 1411 3102 in

211 3162 406 3255 superficie
436 3162 799 3248 annulato-nodosis,
839 3161 948 3233 nodis
985 3159 1252 3253 approximatis
1283 3163 1319 3232 et
1345 3180 1412 3251 per

211 3290 478 3384 longitudinem
504 3290 656 3362 delicate
679 3289 827 3378 striatiS,
854 3289 990 3362 coloris
1019 3288 1240 3381 plerumque
1270 3287 1408 3377 griseo-

212 3419 315 3506 fusei,
331 3439 444 3510 saepe
454 3417 799 3509 nigrescentifusci,
808 3417 942 3489 cortice
959 3438 1098 3508 crasso,
1109 3415 1238 3507 fragili,
1249 3415 1412 3487 fractura

212 3547 431 3632 subcomea,
447 3545 615 3617 facillime
632 3544 829 3636 separabili
844 3543 979 3634 aligno
993 3548 1118 3636 terete,
1138 3543 1270 3630 tenaci,
1285 3539 1410 3615 odoris

213 3674 355 3764 debilis,
375 3673 520 3762 mucidi,
542 3673 689 3764 saporis
710 3671 895 3760 nauseosi,
917 3671 1034 3743 amari
1054 3676 1090 3743 et
1110 3670 1290 3743 subacris

321 3819 363 3891 ln
378 3819 541 3892 sectione
556 3824 774 3891 transversa
793 3821 950 3909 apparet
969 3821 1094 3889 cortex
1110 3815 1410 3906 albidogriseus

213 3947 404 4021 latitudine
433 3968 602 4038 aequans
633 3948 697 4017 aut
724 3966 909 4037 superans
939 3945 1080 4037 lignum
1111 3943 1274 4015 centrale
1308 3963 1407 4014 com·

211 4080 371 4167 pactum,
387 4075 678 4160 subflavescenS,
698 4073 797 4145 baud
818 4073 1012 4146 manifeste
1032 4070 1408 4182 radiatimlineatum,

212 4201 451 4276 subtilissime
484 4223 675 4293 porosum.
733 4201 810 4273 Sub
853 4202 1099 4291 microscopio
1137 4199 1213 4271 tela
1259 4197 1404 4270 corticis

210 4330 374 4422 lignique
399 4334 549 4402 scatens
575 4329 698 4420 amylo
724 4329 932 4420 composito
952 4334 988 4401 et
1006 4348 1233 4400 numerosae
1254 4326 1408 4398 cellulae

210 4458 429 4550 raphidibus
450 4457 555 4528 calcii
575 4456 704 4528 oxalici
727 4457 892 4548 repletae
913 4457 1172 4529 observantur.

323 4603 501 4675 Tinctum.
542 4601 712 4699 Syrupus
758 4601 941 4675 Trociisei.
989 4585 1112 4674 Pulvis
1150 4597 1411 4697 [pecucuanltac

212 4731 364 4828 optatus.
