3574 5454
683 577 922 650 —141-

198 818 361 884 ramos0,
402 817 516 887 saepe
554 801 860 888 purpurascentc,
898 796 983 888 pilis
1022 795 1220 888 adpressis
1263 797 1397 868 albidis

199 925 439 1018 pubescente,
460 924 508 996 ad
530 923 722 1014 geniculos
742 924 846 997 haud
866 923 1021 1011 tumido,
1041 923 1141 995 foliis
1163 924 1200 995 in
1219 924 1398 1015 petiolum

201 1052 414 1140 attenuatis,
437 1052 570 1138 oratis,
599 1051 902 1143 orato-oblongis
925 1056 988 1123 aut
1017 1049 1245 1138 lanceolatis
1266 1073 1398 1142 grosse

203 1178 374 1268 serratis,
404 1179 579 1272 utrinque
609 1179 768 1252 molliter
793 1179 933 1271 pilosis,
962 1178 1058 1253 laete
1086 1179 1145 1250 vel
1170 1179 1398 1251 flavescenti-

200 1308 394 1396 viridibus,
442 1307 547 1380 venis
585 1309 739 1380 subtus*
757 1307 1054 1399 prominentibus
1101 1305 1244 1396 albidis,
1284 1329 1398 1399 supra

200 1435 401 1529 depressis
420 1435 573 1507 floribus
594 1435 633 1506 in
653 1435 920 1508 verticillastris
941 1435 1037 1507 infra
1057 1435 1219 1522 remotis
1237 1455 1398 1527 superne

200 1563 469 1657 approximatis
491 1564 617 1654 calyce
640 1561 988 1656 quinque-dentato,
1019 1562 1191 1635 dentibus
1214 1563 1398 1635 subulatis

199 1690 581 1785 subspineseentibus
603 1690 992 1782 glanduloso-pilosis,
1019 1689 1160 1763 corolla
1186 1690 1398 1783 quadruplo

199 1821 323 1911 calyce
350 1818 529 1910 longiore,
561 1818 796 1907 ochroleuca,
833 1817 932 1890 labio
970 1817 1139 1890 inferiore
1179 1815 1276 1907 albo,
1315 1817 1398 1890 basi

198 1949 347 2021 macula
365 1947 531 2022 sulfurea
551 1951 696 2019 ornato.

306 2111 360 2183 Ne
395 2111 607 2184 confundas
643 2132 726 2182 cum
765 2111 882 2184 herba
929 2109 1149 2204 Galeopsidis
1190 2110 1400 2182 versicoloris

199 2240 357 2330 (Cum),
379 2239 529 2330 plantae
554 2237 879 2330 frequentissimae
899 2237 937 2310 in
956 2237 1093 2310 nostris
1110 2238 1281 2328 dumetis,
1303 2239 1398 2312 lucis

199 2372 235 2441 et
259 2366 490 2453 nemoribus
520 2365 626 2438 caule
656 2366 704 2437 ad
734 2363 924 2457 geniculos
944 2365 1100 2454 tumide,
1129 2344 1270 2454 setoso,
1297 2365 1396 2438 loliis

198 2495 308 2586 longe
333 2494 532 2587 petiolatis
563 2491 695 2582 oratis,
725 2493 888 2580 hirsutis,
919 2494 1067 2566 corollis
1097 2492 1398 2582 barido-albidis

197 2621 297 2693 labio
317 2620 489 2694 interiore
508 2621 620 2708 luteo,
640 2619 789 2692 macula
809 2621 934 2712 ampla
954 2620 1120 2693 violacea
1139 2620 1298 2712 signato.

523 3088 706 3196 lierba
731 3086 1070 3196 llorniariao.

306 3311 504 3384 Herniaria
522 3311 648 3408 plabra
667 3313 792 3385 Linn.
820 3316 856 3385 et
875 3310 1075 3383 Herniariu
1094 3311 1231 3382 hirsuta
1251 3313 1397 3402 Linn,

193 3439 346 3532 plantae
365 3460 550 3532 perennes
572 3447 637 3513 aut
656 3440 824 3529 biennes
842 3439 879 3512 in
895 3441 1061 3512 arenosis
1082 3439 1233 3528 pascuis
1250 3440 1397 3511 arvisve

194 3568 418 3659 frequentes
446 3565 766 3664 Carpoplpllaccae.

302 3730 427 3802 Herba
447 3731 596 3820 siccata,
626 3732 793 3804 caulibus
822 3731 917 3803 laxis
937 3733 1182 3821 fililormibus
1202 3733 1397 3822 teretibus

193 3857 367 3944 ramosis
387 3858 502 3930 ramis
524 3859 687 3948 alternis
707 3859 870 3932 breviter
895 3859 1110 3947 ramulosis,
1134 3859 1232 3932 foliis
1257 3858 1395 3952 parvis

193 3983 474 4074 subsessilibus
501 3985 681 4076 oblongis
709 3987 831 4060 ovatis
852 3992 918 4061 aut
937 3987 1117 4076 obovatis
1138 3986 1397 4078 integerrimis

193 4111 429 4186 interioribus
477 4113 681 4206 oppositis
729 4115 981 4204 superioribus
1029 4114 1199 4202 alternis,
1246 4113 1395 4206 stipulis

193 4241 324 4329 oratis
337 4240 523 4330 scariosis,
541 4241 686 4330 albidis,
700 4242 852 4313 lloribus
869 4242 1021 4333 exiguis,
1043 4242 1394 4314 flavescenti-viridi-

192 4370 276 4457 bus,
294 4369 331 4441 in
351 4369 568 4459 glomerulis
586 4370 706 4442 multi·
727 4376 792 4442 aut
808 4369 1020 4460 paucitloris
1038 4369 1264 4456 axillaribus
1281 4391 1394 4462 saepe

192 4502 312 4569 totum
349 4497 537 4569 ramulum
576 4497 865 4589 occupantibus
905 4497 1004 4570 unde
1043 4498 1167 4590 spicas
1208 4497 1393 4588 oblongas

191 4623 345 4696 foliosas
372 4624 545 4696 referunt.
576 4623 678 4696 Odor
705 4625 867 4698 recentis
894 4625 1034 4698 barbae
1060 4624 1205 4712 nullus,
1233 4623 1395 4698 siccatae

190 4751 343 4843 paulum
367 4750 498 4824 similis
519 4751 659 4824 herbae
682 4751 844 4826 Meliloti.
