3598 5466
873 442 1112 514 -a98-

391 657 644 750 explorandus
666 665 733 731 est.
764 657 981 752 Integritate
1001 659 1232 732 solutionum
1252 662 1288 730 et
1308 657 1591 730 alcalimetricae

388 790 424 857 et
457 785 544 857 kalii
577 785 908 885 hypermanganici
943 786 1161 879 incorrupta
1195 785 1368 878 aequalia
1401 784 1591 857 volumina

392 913 593 986 amborum
621 913 694 984 sub
726 918 981 1006 temperatura
1005 915 1119 1005 1000,
1141 913 1287 1004 adjecta
1305 910 1401 985 acidi
1426 911 1590 990 sulfurici

391 1046 480 1131 apta
511 1040 730 1132 quantitate,
761 1041 988 1114 seinvicem
1016 1042 1067 1114 ita
1096 1041 1385 1132 decomponunr,
1409 1044 1451 1110 ut
1469 1037 1590 1129 liquor

390 1167 540 1240 nonnisi
564 1190 721 1241 rosaceo
753 1169 877 1242 colore
901 1169 1031 1242 leviter
1059 1170 1199 1243 tinctus
1229 1168 1420 1262 adpareat,
1454 1172 1527 1255 aut,
1557 1166 1589 1238 si

390 1295 541 1367 decolor
568 1295 739 1384 evaserit,
771 1300 876 1386 gutta
904 1317 981 1369 una
1007 1297 1205 1369 solutionis
1225 1294 1588 1388 hypermanganicae

373 1417 532 1512 addita,
552 1423 624 1495 hoc
645 1423 768 1496 colore
788 1423 965 1515 tingatur.

527 1763 701 1848 solutio
723 1763 914 1865 Argenti
933 1763 1091 1847 nitricl
1113 1761 1449 1848 decinormalls.

692 1934 727 2026 (1
754 1933 1001 2007 0020017
1025 1954 1117 2025 grm.
1137 1932 1304 2025 Agnop.

531 2111 676 2214 Argenti
698 2113 817 2192 uitriel
838 2112 1075 2213 crystalliseti
1096 2113 1170 2190 leni
1190 2112 1313 2190 celere
1332 2110 1402 2188 lusi

900 2251 1099 2339 praenotata
1119 2249 1189 2314 ecto
1208 2249 1239 2314 ct
1256 2238 1441 2312 dimidium
1473 2240 1587 2312 8.500

390 2371 560 2443 solvatur
588 2370 626 2443 in
647 2370 852 2458 cucurbita,
874 2390 971 2460 quae
1000 2371 1178 2444 volumen
1208 2369 1408 2442 semilitrae
1438 2367 1588 2440 circum-

389 2497 503 2569 ducta
523 2498 622 2571 linea
640 2502 768 2570 exacte
788 2497 929 2569 indicat
948 2498 987 2569 in

525 2621 646 2725 Aquae
665 2621 875 2699 destinatae
903 2623 1091 2718 sufficienti
1110 2627 1309 2720 quantitate,

391 2757 432 2824 ut
454 2752 647 2826 cucurbita
666 2772 789 2843 usque
810 2751 859 2822 ad
880 2751 1069 2842 signatam
1088 2752 1224 2824 lineam
1243 2750 1442 2843 repleatur.

499 2878 652 2968 Solutio,
692 2879 723 2950 si
760 2877 916 2972 limpida
948 2899 1025 2951 non
1064 2883 1177 2965 esset,
1218 2877 1356 2950 filtrata
1388 2877 1428 2949 in
1457 2878 1587 2969 lagena

391 3012 505 3080 antea
523 3007 621 3080 bene
642 3006 831 3078 exsiccata
850 3011 1030 3078 servetur.

499 3134 615 3207 Natrii
640 3133 794 3206 chlorati
822 3133 907 3225 puri
927 3131 1055 3206 siccati
1084 3133 1395 3224 centigrammata
1414 3137 1585 3224 quatuor-

390 3263 510 3336 decim
547 3263 696 3354 (0140)
736 3261 860 3334 soluta
887 3261 926 3332 in
965 3282 1087 3352 aquae
1117 3261 1325 3334 destillatae
1365 3259 1587 3333 centimetu's

391 3390 529 3463 cubicis
550 3391 679 3462 decem
696 3389 763 3480 (10
779 3387 865 3480 00),
891 3387 1020 3460 addita
1038 3393 1145 3478 gutta
1159 3388 1245 3460 balii
1270 3387 1447 3461 chromici
1467 3387 1585 3474 soluti,

392 3517 610 3590 centimetra
644 3516 776 3589 cubica
813 3514 941 3607 viginti
980 3521 1144 3606 quatuor
1183 3517 1251 3608 (04
1280 3514 1353 3605 00)
1391 3512 1584 3586 solutionis

391 3645 532 3736 argenti
551 3643 671 3716 uitrici
690 3642 920 3715 volumetrici
940 3642 1143 3734 requirant,
1163 3643 1284 3716 donec
1303 3640 1584 3734 praecipitatum

389 3773 476 3844 inde
497 3778 619 3845 orturn
640 3770 804 3843 colorem
823 3770 979 3842 rubrum
998 3769 1263 3862 persistentem
1282 3769 1470 3863 praebeat.

533 4111 709 4199 Solutio
731 4109 869 4214 (lupri
889 4111 1105 4194 sulfurici
1124 4109 1440 4195 volumetricu.

587 4302 624 4393 (1
647 4298 765 4372 CC:
780 4298 925 4371 00003
946 4319 1038 4390 grui.
1059 4295 1387 4402 CuSO,-l-5H2O).

526 4479 635 4580 cupri
655 4475 827 4555 solleriei
846 4475 1082 4578 crystallisetl

567 4631 728 4706 premere
748 4631 857 4679 orarem
876 4615 906 4680 et
924 4607 1206 4703 rentipremmeto
1225 4605 1416 4702 quindecim
1445 4673 1447 4678 .
1477 4606 1586 4680 1150
