3574 5454
873 563 1112 638 Ι·-166--

499 781 641 855 Solutio
653 782 822 855 Lauolini
834 805 904 876 ope
917 783 1168 857 chloroforrnii
1182 785 1325 876 effecta,
1346 786 1385 859 in
1399 786 1490 859 tubo
1500 809 1586 879 pro-

390 910 535 982 batorio
575 910 681 982 acido
717 910 895 983 sulfurieo
933 917 1176 985 concentrato
1211 913 1425 1005 superfusa,
1453 935 1587 987 zonam

391 1038 651 1111 intermediam
666 1038 763 1111 laete
782 1039 1059 1113 tusco-rubram
1075 1040 1240 1132 praebet,
1262 1045 1423 1114 stratum
1438 1041 1585 1114 acidum

390 1165 543 1238 iuferius
565 1165 687 1238 eolore
706 1166 814 1238 viridi
832 1166 1033 1241 ssuorescit.

498 1311 720 1383 Lanolinum
749 1332 834 1384 euin
867 1313 989 1385 natrio
1017 1311 1305 1404 hydrooxydato
1335 1312 1459 1387 soluto
1490 1314 1584 1388 cale-

391 1438 529 1511 laetum
547 1461 594 1511 ne
615 1439 702 1512 edat
720 1461 882 1532 vapores
901 1439 1101 1513 reactionis
1123 1440 1316 1514 alcalinae.

500 1585 719 1658 Grammata
740 1587 867 1658 decern
888 1585 1068 1675 Lanolini,
1102 1586 1239 1658 balneo
1273 1608 1394 1679 aquae
1427 1588 1589 1679 perfecte

393 1712 544 1803 siccata,
564 1735 612 1786 ne
630 1713 717 1806 plus
744 1735 858 1805 quarn
878 1717 1087 1804 grammata
1116 1713 1188 1785 tria
1215 1713 1394 1806 ponderis
1418 1715 1588 1806 perdant.

501 1859 719 1932 Grammata
757 1860 831 1932 duo
868 1858 1040 1933 Lanolini
1069 1859 1108 1930 in
1144 1860 1304 1932 benzolo
1328 1881 1423 1952 puro
1453 1861 1588 1948 soluta,

393 1987 529 2060 additis
545 1987 660 2079 guttis
677 1988 844 2080 quinque
860 1986 1058 2059 solutionis
1072 1986 1432 2080 phenolphthalelui,
1447 2008 1494 2059 ne
1504 1988 1589 2080 plus

391 2137 505 2209 quam
545 2115 608 2186 Oi
649 2115 865 2187 centimetra
907 2115 1038 2187 cubica
1074 2114 1271 2187 solutionis
1318 2115 1588 2188 acidimetrioae

392 2245 607 2336 exposcant,
627 2248 669 2316 ut
687 2242 811 2336 liquor
831 2247 1044 2315 constanter
1062 2241 1280 2315 rubricetur.

499 2387 672 2461 Lanolini
691 2393 900 2481 grammata
929 2389 1058 2460 decern
1088 2409 1174 2461 curn
1204 2387 1384 2480 grammis
1405 2388 1588 2480 quinqua-

317 2539 319 2551 ·
392 2515 495 2607 ginta
515 2537 637 2609 aquae
658 2517 865 2589 destillatae
881 2516 920 2588 in
934 2515 1068 2588 balneo
1089 2537 1209 2609 aquae
1226 2516 1412 2605 calefacta,
1432 2520 1589 2588 stratum

392 2643 562 2716 oleosum
576 2643 772 2736 limpidum
787 2642 959 2715 Lanolini
976 2664 1075 2735 aqua
1089 2643 1184 2734 privi
1201 2642 1412 2735 sejungunt
1432 2647 1588 2715 stratum

392 2792 581 2865 aquosum
596 2771 795 2844 filtratioue
810 2775 1027 2862 separatum
1041 2775 1077 2842 et
1092 2775 1172 2842 turn
1188 2774 1433 2864 evaporatum
1448 2790 1495 2842 ne
1505 2769 1590 2863 plus

392 2920 508 2991 quam
528 2899 798 2991 centigramma
817 2919 936 2969 unum
954 2897 1095 2969 residui
1115 2897 1302 2990 praebeat.

500 3025 725 3098 Lanoliuum
744 3025 901 3116 ignitum
930 3045 975 3097 ne
1004 3025 1088 3116 plus
1114 3046 1229 3118 quam
1247 3029 1392 3117 partem
1422 3025 1481 3096 0·1
1513 3045 1590 3117 pru,

393 3176 543 3244 centum
562 3170 701 3244 residui
721 3171 918 3263 relinquat.

508 3313 725 3412 Unquentom
746 3313 986 3411 ,Hydraryyri

724 3854 925 3964 Liohen
951 3853 1266 3963 lslanrlieus.

508 4078 668 4152 Cetroriu
696 4078 880 4152 lelandira
909 4079 971 4153 Ac
989 4080 1180 4173 hariuS,
1210 4079 1249 4152 in
1278 4078 1430 4172 Europa
1457 4077 1595 4150 boreali

392 4209 432 4282 in
456 4209 647 4282 montibus
667 4207 887 4280 celsioribus
907 4208 1079 4301 Europae
1102 4207 1249 4281 mediae
1272 4211 1309 4279 et
1324 4204 1501 4279 australis
1516 4224 1592 4296 gre-

393 4336 508 4428 gatim
528 4337 576 4408 ad
596 4341 735 4408 terram
754 4356 929 4407 nascens.
951 4333 1126 4408 Lielenes.
1151 4333 1388 4406 Bamalineoe.

501 4481 658 4554 Thallus
670 4486 815 4554 erectus
827 4481 1085 4573 subloliaceus,
1102 4478 1356 4572 irregulariter
1367 4479 1596 4552 dichotomo·

391 4631 573 4700 ramosus
594 4609 738 4681 laciniis
758 4629 860 4680 nunc
879 4609 1082 4699 latioribus,
1103 4629 1206 4681 nune
1227 4606 1516 4698 angustioribus
1537 4627 1594 4678 ea-

392 4736 604 4811 naliculatis
632 4735 693 4808 vel
712 4734 919 4828 subplanis,
950 4735 1139 4808 interdum
1168 4733 1351 4826 crispatis,
1381 4734 1595 4827 inutraque
