3576 5454
701 582 936 659 -p35...

212 801 404 876 concisum
434 806 470 875 et
499 801 689 896 siccatum,
719 805 816 877 sistit
843 803 961 877 frusta
983 805 1203 896 plerumque
1223 803 1415 896 palmatim

212 937 277 1004 aut
286 931 471 1022 utrimque
486 953 645 1023 ramosa,
665 933 779 1004 ramis
789 931 963 1004 brevibus
980 932 1137 1022 obtusiS,
1153 931 1415 1004 subtuberosis

212 1063 276 1130 aut
312 1057 425 1151 paulo
462 1059 653 1150 productis
683 1065 719 1132 et
746 1080 921 1152 prorsum
949 1058 1120 1148 arcuatis,
1160 1059 1302 1131 circiter
1340 1058 1415 1131 duo

213 1185 430 1258 centimetra
463 1185 548 1278 lata,
587 1191 671 1260 octo
711 1186 759 1259 ad
798 1187 928 1259 decem
966 1186 1176 1259 millimetra
1210 1208 1352 1277 crassa,
1376 1187 1414 1258 in

212 1313 401 1404 superiore
418 1320 454 1384 et
468 1313 640 1386 inferiore
655 1319 760 1405 parte
774 1313 1018 1406 planiuscula,
1032 1312 1268 1403 decorticata,
1280 1311 1414 1384 coloris

211 1438 383 1531 plumbei,
404 1439 441 1511 in
461 1440 638 1514 lateribus
658 1441 904 1533 peridermate
924 1440 1061 1513 coloris
1080 1440 1262 1528 oclnacei,
1284 1463 1414 1532 grosse

211 1588 351 1657 rugoso
381 1567 534 1657 obtecta,
569 1571 721 1659 tenacia,
751 1570 842 1642 satis
873 1574 1075 1661 compacta,
1114 1568 1274 1641 fractura
1301 1570 1413 1660 paulo

211 1693 357 1782 fibrosa,
397 1695 521 1766 odoris
560 1697 732 1789 specialis
771 1701 874 1787 grate
907 1695 1105 1785 aromatici,
1139 1697 1286 1787 saporis
1320 1697 1413 1768 acri-

212 1821 413 1894 aromatici.

319 1963 361 2037 In
377 1967 543 2040 sectione
559 1975 784 2059 transversa,
797 1967 932 2039 coloris
949 1967 1062 2040 albidi
1078 1967 1137 2040 vel
1153 1967 1414 2059 albicio-grisei,

211 2094 287 2165 tela
319 2093 501 2166 corticalis
536 2117 655 2188 aeque
689 2117 732 2168 ac
752 2117 840 2187 pars
871 2095 1055 2184 centralis,
1075 2095 1173 2167 intra
1192 2095 1330 2168 lineam
1351 2118 1412 2168 en-

213 2217 440 2292 dodermidis
474 2222 722 2313 tenerrimam,
765 2221 1031 2314 copiosissimis
1071 2222 1214 2295 cellulis
1254 2223 1414 2295 oleiferis

212 2348 328 2420 fuscis
349 2353 414 2420 aut
434 2349 573 2421 citrinis
592 2354 773 2442 punctata
792 2354 958 2440 apparet.

322 2494 428 2589 Aqua
449 2494 646 2566 aromatico
664 2495 870 2589 spirituoso.
907 2493 1149 2567 Electuurium
1170 2497 1414 2568 aromaticum.

568 3034 767 3143 Rosina
791 3033 1057 3143 liummar.

319 3256 473 3355 Apellis
509 3256 755 3352 lorootbifolia
793 3257 1031 3350 Salisbury
1070 3263 1106 3331 et
1135 3259 1228 3331 aliae
1260 3260 1411 3332 arbores

209 3381 335 3458 Indiae
356 3385 557 3458 orientalia.
585 3383 778 3479 Cooiferoc.
801 3386 1050 3458 Aroucorieue.

320 3529 444 3604 Grana
463 3531 672 3622 rotundato,
699 3530 873 3622 oblonga,
903 3532 1120 3624 pyrifonnia
1136 3537 1201 3605 aut
1221 3533 1413 3605 stalactica

211 3661 275 3729 aut
303 3678 452 3730 massae
482 3658 668 3730 deformes
698 3658 820 3730 variae
848 3660 1131 3750 magnitudinis
1161 3659 1295 3732 coloris
1325 3661 1411 3732 sub-

210 3783 341 3872 citrini,
379 3785 605 3877 pellucidae,
644 3785 804 3876 fragiles,
848 3787 886 3857 in
924 3787 1088 3860 fractura
1116 3787 1300 3860 conchata
1329 3787 1411 3859 vitri

210 3911 328 3985 instar
348 3912 517 4001 nitentes
537 3913 643 3985 facile
662 3912 702 3984 in
721 3912 913 4005 pulverem
943 3915 1079 4004 album,
1101 3915 1225 3988 odoris
1250 3915 1326 3987 fere
1352 3937 1412 3987 ex-

210 4042 352 4130 pertem
392 4040 651 4129 conterendae,
690 4041 761 4112 sub
798 4040 921 4132 digitis
966 4042 1079 4134 paulo
1118 4043 1337 4134 glutinosae,
1375 4044 1412 4114 in

211 4166 371 4258 aethere,
392 4166 655 4241 chloroformio
668 4168 904 4242 etcarboneo
916 4169 1098 4242 sulfurato
1110 4170 1270 4262 copiose,
1287 4171 1411 4242 minus

210 4293 249 4365 in
278 4294 411 4386 spiritu
445 4294 521 4366 vini
550 4294 747 4385 solubileS,
792 4295 1040 4368 solutionibus
1061 4291 1265 4370 admodum
1305 4297 1411 4388 gluti·

210 4421 398 4494 nantibus,

319 4565 560 4662 Emplastrum
581 4565 804 4639 aulaearum
