3576 5454
680 544 922 620 -0263-

200 766 370 858 portione
398 765 563 856 partium
596 770 747 839 centurn
780 765 910 858 liquidi
944 765 992 838 ad
1025 769 1152 857 partes
1186 751 1401 837 contumel

202 893 400 985 sexaginta
435 892 606 965 sacchari
641 892 721 965 sive
751 893 860 996 unica
888 891 1121 980 ebullitione,
1150 891 1230 964 sive
1261 891 1399 964 diutius

200 1021 410 1115 coquenda,
430 1019 600 1092 solvatur
622 1024 659 1092 et
678 1019 711 1093 si
729 1017 851 1114 liquor
870 1019 1042 1093 turbidus
1071 1025 1185 1109 esset,
1210 1019 1401 1093 albumine

200 1149 261 1222 ovi
281 1148 513 1222 clarificetur.

311 1275 447 1368 Syrupi
465 1280 545 1349 turn
566 1276 735 1349 colentur
752 1296 820 1369 per
839 1296 1007 1367 pannum
1026 1275 1179 1348 laneum
1199 1280 1234 1348 et
1249 1274 1400 1367 penitus

199 1403 413 1496 refrigerati,
434 1403 536 1476 vasis
553 1404 694 1476 clausis
708 1404 792 1476 loco
812 1403 944 1495 frigido
965 1409 1000 1475 et
1018 1402 1117 1475 sioeo
1138 1406 1345 1476 serventur.

310 1530 548 1604 Substantias
570 1529 737 1604 volatiles
759 1528 985 1604 aromaticae
1016 1551 1161 1622 syrupo
1181 1530 1402 1622 refrigerato

200 1658 491 1732 admisceantur.

308 1785 454 1877 Syrupi,
488 1789 643 1876 excepto
672 1785 818 1876 Syrupo
858 1783 1109 1876 amygdalina,
1136 1784 1211 1858 sint
1246 1783 1401 1875 limpidi.

466 2401 469 2404 ,
529 2305 771 2449 Syrupus
796 2304 1074 2419 Althaeae.
1159 2269 1161 2276 ¹

198 2566 300 2659 Rpe:
337 2561 484 2643 lladiais
504 2561 674 2642 lltlraoao
694 2565 861 2643 consiste
915 2571 1117 2663 qrammata
1137 2566 1265 2663 viyiali
1352 2567 1403 2638 00

334 2691 455 2793 Aqua
476 2689 686 2769 destillans
708 2690 865 2794 frigidae
910 2699 1113 2790 qrammata
1134 2699 1291 2766 trecenta.
1325 2693 1402 2765 300

308 2821 456 2894 Macera
483 2843 551 2913 per
584 2820 772 2895 bihorium
800 2822 950 2914 saepius
983 2810 1171 2914 agitando,
1206 2828 1287 2895 turn
1322 2820 1404 2894 cola

200 2950 280 3022 sine
300 2949 541 3042 expressione
563 2953 599 3022 et
616 2947 655 3020 in
676 2949 844 3022 colattua

479 3084 718 3175 yrammatum
738 3076 962 3148 ducentorum
982 3081 1013 3149 et
1034 3077 1293 3174 quinquaqinta
1324 3076 1402 3149 050

199 3206 305 3278 solve
326 3206 436 3280 unica
456 3205 670 3279 ebullitione

338 3329 512 3411 Saaalnri
531 3331 675 3410 sortusi
729 3339 934 3430 qrammata
954 3331 1222 3430 quadrioqmta.
1324 3332 1405 3403 400

467 3836 711 3986 Syrupus
738 3835 1140 3979 amygdalinus.

583 4101 761 4206 Syrupus
784 4103 1014 4181 emulsivus.

204 4333 313 4426 Rpe:
343 4331 619 4436 lnygdnlam
641 4330 800 4411 duleis·
831 4330 1136 4410 lucernulam

900 4468 1104 4560 qrammata
1123 4459 1296 4558 octoyinta
1353 4459 1404 4531 80

341 4586 620 4691 lnygdalom
643 4609 847 4666 antrorum
866 4587 1169 4668 decorticaturum

936 4723 1140 4814 yrammata
1158 4715 1287 4808 uiolati
1356 4714 1406 4786 00
