3576 5454
905 539 1141 612 —RRS—

420 755 569 846 crassis
591 757 787 847 superficie
805 777 953 848 rugosa,
974 755 1090 829 susca.
1112 755 1233 828 Sectio
1255 761 1471 828 transversa
1484 755 1619 828 radicis

421 882 551 973 durae,
562 883 890 974 resinoso-nitens
907 883 1056 957 exhibet
1070 887 1229 957 stratum
1243 883 1414 956 corticale
1426 888 1486 956 sat
1494 884 1619 972 latum,

420 1031 466 1082 ex
494 1010 617 1084 albido
648 1012 876 1100 luscescens,
905 1011 1073 1104 pluribus
1104 1011 1347 1104 receptaculis
1375 1011 1619 1084 balsamiseris

420 1137 635 1211 atro-fuscis
655 1143 875 1230 punctatum
896 1145 932 1212 et
950 1140 1093 1231 lignum
1112 1161 1244 1230 grosse
1264 1138 1435 1212 radiatim
1448 1145 1617 1213 notatum

419 1264 607 1337 fasciculis
622 1265 780 1357 lignosis
798 1267 967 1359 angustis
984 1267 1161 1339 subflavis
1173 1271 1209 1339 et
1224 1265 1339 1339 radiis
1356 1267 1617 1340 medullaribus

419 1391 623 1484 latioribus
636 1413 682 1464 ex
692 1392 817 1467 albido
829 1394 972 1486 griseis,
984 1393 1108 1467 itidem
1119 1394 1362 1486 receptaculis
1374 1393 1617 1467 balsamiseris

418 1519 624 1593 instructis

527 1666 661 1755 Radix,
683 1689 728 1738 ex
744 1672 823 1739 toto
840 1668 963 1759 amylo
986 1689 1129 1756 carens
1152 1671 1211 1740 est
1228 1667 1403 1754 inodora;
1423 1667 1617 1740 masticata

421 1793 678 1867 sensatiouem
725 1795 801 1866 iere
831 1794 1035 1868 causticam
1064 1794 1246 1888 producit,
1278 1794 1434 1867 salivam
1468 1795 1617 1886 copiose

419 1940 533 1994 erens.

532 2065 700 2138 Tinctum
720 2065 917 2162 Spilunthc‘s
937 2068 1139 2164 composito.

756 2497 931 2607 Radix
957 2497 1281 2607 Ratanbiae.

527 2720 719 2795 lbumcria
740 2721 905 2794 triundra
930 2723 1042 2795 Ruiz
1064 2728 1098 2796 et
1118 2722 1279 2814 Paron,
1309 2723 1437 2814 planta
1457 2725 1618 2797 suffruti·

419 2871 509 2922 cosa
533 2849 571 2921 in
594 2848 754 2923 Peruvia
773 2869 960 2923 crescens.
982 2849 1242 2947 chuminosoe.
1272 2848 1565 2944 Cacsalpc'uaccoc.

528 2993 689 3068 Radices
708 2996 890 3088 lignosae,
910 2996 1052 3088 longae,
1086 2995 1160 3068 imo
1190 2995 1444 3086 longissimae,
1475 3017 1619 3087 quaec

419 3126 551 3193 trunco
572 3123 767 3215 crassiore,
789 3123 947 3214 nodoso,
968 3121 1182 3215 multicipite
1202 3121 1378 3212 oriuntur,
1390 3123 1618 3216 cylindricae,

419 3249 620 3338 flexuosae,
650 3250 696 3324 ad
726 3271 843 3323 unum
874 3255 910 3323 et
937 3249 1128 3322 dimidium
1169 3249 1429 3322 centimetrum
1462 3271 1617 3342 crassae,

420 3376 553 3449 cortice
573 3377 678 3450 facile
690 3378 901 3471 separabili,
922 3383 1030 3451 extus
1047 3378 1207 3450 obscure
1230 3377 1370 3449 esusco
1390 3377 1513 3465 rubro,
1534 3379 1617 3450 sub-

419 3503 559 3596 glabro,
596 3505 809 3596 subrugoso
848 3506 906 3586 vel
944 3505 1167 3595 subrimat0,
1202 3505 1240 3577 in
1268 3503 1433 3576 fractura
1461 3505 1617 3577 breviter

418 3631 569 3721 fibroso,
600 3633 746 3724 saporis
767 3633 875 3705 valde
895 3631 1171 3724 adstringentis,
1201 3631 1401 3704 subornari.

528 3775 570 3848 In
601 3777 766 3849 sectione
795 3782 1013 3851 transversa
1040 3778 1183 3869 lignum
1212 3781 1456 3868 compactum,
1487 3777 1613 3850 ocbro-

418 3903 567 3976 leucum
587 3905 647 3975 rel
667 3903 998 3992 subrubicundum,
1034 3905 1147 3978 radiis
1178 3903 1445 3976 medullaribus
1474 3905 1612 3976 subtili·

422 4030 505 4121 bus,
527 4029 763 4102 densissimis
793 4036 830 4102 et
858 4032 1008 4106 orificiis
1037 4053 1213 4105 vasorum
1244 4030 1384 4120 exiguis
1405 4033 1613 4104 numerosis

420 4161 603 4246 ornatum,
621 4156 890 4230 circumdatum
907 4165 965 4232 est
980 4160 1113 4232 cortice
1135 4158 1275 4231 eiusco
1294 4157 1416 4246 rubr0,
1437 4157 1612 4250 sexduplo

419 4283 597 4356 tenuiore.

527 4428 648 4502 Radix
674 4429 808 4502 cortice
839 4429 970 4501 orbata
998 4451 1117 4521 aeque
1147 4452 1190 4502 ac
1218 4430 1325 4505 radix
1345 4430 1501 4502 aliarum
1523 4427 1610 4499 Kro-

419 4556 550 4628 mcricc
569 4555 778 4649 specierum
796 4554 960 4628 vitanda.

527 4700 747 4773 Extractum.
772 4700 951 4773 Tinctum.
