3502 5454
620 565 837 637 ..67-

130 779 322 872 agitando,
341 785 422 854 turn
442 780 679 871 refrigeretur
698 785 735 853 et
753 778 905 873 pondus
926 777 1008 870 ejus
1034 777 1169 850 iterum
1195 777 1334 850 trutina

125 905 374 980 examinetur.
411 906 568 980 Pondus
607 907 709 999 quod
748 905 855 980 deest
889 904 1124 993 restituatm·‚
1160 904 1333 977 addendo

127 1032 300 1126 spiritum
347 1033 425 1106 vini
473 1039 756 1108 concentratum
793 1032 832 1107 in
870 1031 1067 1106 sufficienti
1110 1031 1331 1123 quantitate.

127 1161 270 1254 Liquor
296 1161 548 1235 asedimento
575 1161 733 1236 delusus
757 1161 927 1234 filtretur.
954 1160 1096 1232 Filtrati
1124 1162 1334 1251 grammata

128 1290 300 1377 ducenta,
339 1310 437 1381 quae
485 1289 662 1362 solubilia
708 1293 961 1380 grammatum
1008 1287 1138 1360 decern
1185 1285 1333 1359 corticis

128 1415 286 1490 adhibiti
315 1416 522 1504 continent,
560 1417 792 1490 misceantur
825 1436 912 1488 cum
941 1415 1189 1508 quadraginta
1222 1415 1333 1486 centi-

125 1542 256 1617 metris
286 1543 425 1616 cubicis
456 1564 577 1637 aquae
608 1543 817 1618 destillatae
843 1547 880 1616 et
905 1548 1111 1634 grammate
1139 1562 1217 1614 uno
1237 1527 1334 1614 acidi

126 1670 292 1745 tartarici
320 1676 358 1745 et
381 1672 420 1744 in
446 1672 583 1746 balneo
614 1692 735 1764 aquae
771 1671 945 1746 calefiant
981 1671 1029 1744 ad
1064 1669 1218 1763 spiritus
1256 1668 1334 1741 vini

127 1799 332 1892 perfectam
367 1799 684 1891 evaporationem.
717 1798 884 1873 Residuo
918 1797 1134 1889 refrigerato
1169 1796 1334 1871 admisce

131 1926 350 2000 centimetra
376 1927 508 1999 cubica
536 1927 668 2019 viginti
699 1948 820 2019 aquae
851 1924 1072 2000 destillatae.
1103 1925 1334 1998 Solutionem

125 2053 224 2126 filtra
243 2053 466 2147 inlagenam
476 2053 834 2130 beneclaudendam
845 2058 882 2127 et
893 2055 990 2127 filtro
999 2076 1117 2146 parva
1128 2052 1335 2146 quantitate

133 2200 255 2272 aquae
276 2181 388 2274 plane
410 2180 520 2271 cloto,
548 2180 683 2273 liquori
708 2180 861 2254 obtento
882 2179 977 2254 adde
1005 2180 1169 2253 natrium
1196 2179 1333 2272 hydro·

131 2306 339 2398 oxydatum
355 2307 533 2396 solutum,
550 2307 669 2380 donec
688 2307 827 2380 reactio
848 2307 973 2380 evadit
992 2307 1153 2379 alcalina
1172 2311 1208 2379 et
1226 2326 1332 2398 prae-

130 2433 327 2526 cipitatum
345 2454 423 2506 non
444 2434 606 2527 amplius
636 2433 763 2522 oritur,
792 2433 945 2506 demum
965 2434 1185 2507 centimetra
1204 2432 1335 2505 cubica

129 2559 400 2653 quinquagena
426 2561 597 2634 aetheris
632 2561 784 2653 Lagena
821 2562 916 2635 bene
955 2561 1139 2650 obturata,
1168 2561 1333 2653 liquores

128 2688 423 2781 conquassando
452 2687 692 2777 misceantur,
728 2694 770 2761 ut
798 2687 1086 2781 praecipitatum
1114 2687 1153 2760 in
1183 2688 1333 2762 aethere

130 2816 311 2889 solvatur.
352 2815 584 2889 Solutionem
613 2815 828 2890 aetheream
856 2816 1063 2889 alcaloidea
1084 2816 1227 2890 Chinae
1248 2835 1334 2888 con·

126 2943 310 3016 tinentem
340 2943 387 3016 ab
417 2963 563 3035 aquosa
591 2965 737 3037 separa,
771 2943 871 3016 hanc
899 2942 998 3017 binis
1027 2944 1172 3016 vicibus
1201 2943 1334 3016 cadem

128 3071 292 3145 aetheris
309 3070 517 3162 quantitate
532 3071 696 3156 extrahe,
716 3071 880 3163 liquores
896 3071 1094 3144 aethereos
1111 3071 1333 3144 commixtos

128 3199 166 3270 in
186 3197 315 3291 patina
334 3196 414 3269 noti
433 3197 611 3289 ponderis
627 3198 769 3289 collige.
790 3196 950 3269 Aethere
971 3202 1175 3289 evaporato
1193 3197 1334 3270 residui

129 3325 203 3399 sub
223 3328 476 3416 temperatura
499 3323 598 3396 100Ο
623 3324 749 3397 siccati
769 3322 920 3415 pondus
940 3323 1081 3397 trutina
1102 3324 1335 3416 exploratum

132 3451 257 3526 decies
273 3457 426 3524 auctum
445 3451 595 3540 indicat,
612 3456 705 3545 quot
718 3456 846 3544 partes
868 3450 1092 3525 centesimae
1113 3451 1334 3526 alcaloidea-

129 3600 216 3653 rum
235 3579 274 3652 in
295 3577 431 3651 cortice
451 3577 593 3651 Chinae
613 3578 748 3652 adsint.

239 3704 459 3779 Ectroctnm.
485 3705 654 3778 Tinctum
679 3704 811 3778 Chinae
830 3707 1029 3802 composito.
1056 3707 1195 3779 Vinum.
1212 3706 1336 3778 Puluis

131 3833 360 3926 dentifricius
379 3832 486 3930 nicer.

450 4115 647 4227 Cortex
674 4119 1023 4237 cinnamomi.

247 4341 513 4415 Cinnomomum
533 4341 659 4416 Cassio
678 4345 851 4434 Blume‚
874 4344 985 4417 arhor
1004 4343 1179 4435 speciosa
1194 4342 1336 4416 Chinae

132 4467 402 4541 meridionalis.
424 4467 636 4543 Lourcceae.
983 4483 986 4489 ’

243 4595 379 4669 Cortex
393 4618 584 4670 ramorum
595 4597 763 4670 maxima
773 4619 817 4670 ex
828 4603 934 4688 parte
949 4596 1197 4687 peridermate
1208 4595 1337 4668 libera-

135 4730 192 4796 tus
205 4727 241 4795 et
257 4722 433 4795 siccatus.
446 4723 542 4797 Tubi
553 4726 609 4797 vel
622 4723 798 4797 semitubi
815 4723 864 4795 ad
878 4723 950 4796 tria
965 4723 1182 4797 centimetra
1192 4727 1230 4794 et
1239 4723 1338 4795 ultra
1384 4763 1387 4770 ·

1120 4863 1152 4915 5*
