3598 5466
210 781 393 867 Aether.

210 928 380 1013 Aether
397 929 609 1033 petrelei.

321 1078 412 1172 EJ‘us
440 1082 591 1172 pondus
625 1083 843 1176 specificurn
877 1085 977 1158 ultra
1007 1085 1127 1158 0·675
1161 1103 1210 1155 ne
1244 1083 1411 1156 excedat.

212 1206 352 1280 Charta
366 1206 495 1281 bibula
510 1229 555 1282 eo
571 1210 724 1300 imbuta,
740 1215 894 1304 peracta
910 1212 1157 1302 exhalatione,
1172 1231 1243 1283 nec
1258 1209 1414 1283 odorem

210 1357 279 1410 nec
297 1336 487 1408 maculam
505 1336 692 1411 exhibeat.

211 1493 464 1579 Ammonia.

210 1639 500 1724 Ammonium
517 1641 812 1726 carbonioum
829 1648 869 1739 <3
887 1668 1010 1740 aquae
1026 1650 1063 1720 et
1082 1645 1097 1717 1
1118 1646 1359 1738 ammoniae).

210 1786 501 1871 ammanium
521 1786 780 1871 caloratum
801 1792 836 1884 (1
855 1795 927 1883 :9).

209 1931 499 2017 immanium
519 1931 751 2016 oxalicum
771 1937 895 2030 (129).

211 2078 501 2163 immanium
520 2076 812 2163 sulfuratum.

322 2229 466 2320 Liquor
485 2250 531 2302 ex
551 2229 743 2302 ammonia
759 2229 991 2303 saturatione
1007 2250 1093 2304 cum
1112 2250 1203 2321 gase
1216 2228 1413 2321 hydrosul·

217 2359 343 2432 furato
363 2357 441 2430 loto
461 2362 630 2450 paratuS,
660 2357 855 2449 magnesio
874 2357 1052 2431 sulfurice
1071 2358 1194 2474 seluto
1214 2355 1342 2429 addito
1367 2375 1414 2426 ne

211 2488 391 2562 turbetur.

210 2635 448 2724 tullinum
467 2641 756 2727 sulfurieum.

208 2782 337 2887 Aqua
355 2787 511 2874 calcis·

209 2927 336 3032 Aqua
355 2932 520 3016 chlori.

213 3074 339 3178 Aqua
357 3076 748 3180 hydrosuliurata.

318 3226 430 3320 Aqua
459 3230 660 3321 destinata,
690 3230 889 3323 coquendo
918 3231 965 3306 ab
987 3238 1072 3305 aere
1091 3231 1250 3306 liberata
1270 3235 1307 3304 et
1326 3229 1412 3304 dein

211 3353 439 3447 refrigerata,
457 3363 647 3432 saturetur
658 3379 743 3432 cum
755 3379 846 3450 gase
861 3358 1167 3450 hydrosuliurato
1181 3358 1270 3448 loto,
1292 3356 1412 3432 donec

211 3502 300 3573 pars
326 3490 500 3579 exempta
524 3487 623 3559 ferro
650 3485 950 3578 sesquichlorato
977 3487 1104 3560 seluto
1133 3485 1261 3558 addita
1287 3485 1412 3558 statim

213 3613 248 3682 et
268 3609 410 3684 sortiter
428 3612 609 3686 lactescit.

212 3769 459 3870 Argentum
480 3771 698 3855 uitricum
718 3778 753 3868 (1
772 3779 844 3868 :9).

212 3913 412 4016 Baryum
431 3916 735 4001 carbonicum.

212 4059 413 4160 Baryum
432 4062 703 4146 caloratum.

213 4207 411 4310 Baryum
432 4206 649 4291 uitricum
669 4211 794 4303 <1:9).

213 4350 476 4438 Benzinum.

326 4483 418 4576 Ejus
438 4486 590 4578 pondus
616 4484 834 4577 specificum
853 4503 901 4556 ne
922 4484 970 4558 sit
989 4484 1084 4557 inira
1099 4485 1217 4558 0·680
1233 4505 1303 4557 nec
1317 4483 1415 4557 ultra

219 4613 349 4685 0·700.
379 4611 543 4686 Ebulliat
575 4633 708 4685 versus
742 4617 1036 4704 temperaturam
1067 4611 1265 4686 60-800.
1295 4611 1417 4705 Super

221 4739 390 4813 chartam
409 4739 577 4814 bibulam
598 4739 752 4815 defusus
768 4738 892 4813 avolet
907 4740 1140 4814 remanentia
1153 4742 1259 4814 nulia
1273 4739 1416 4813 relicta.
