3502 5454
892 564 1107 638 ..38-

400 787 538 861 filtrata
561 785 745 879 liquorem
769 784 959 878 praebeat,
986 783 1093 875 cujus
1114 805 1204 876 pars
1223 803 1302 856 una
1321 804 1390 856 nec
1410 777 1614 855 ammonia

284 979 285 982 ,
402 915 624 1004 abundanti,
644 934 714 987 nec
734 935 835 1006 aqua
854 912 1161 1004 hydrosuliurata
1184 911 1312 984 addila
1322 912 1513 985 coloretur
1538 909 1612 981 aut

400 1045 590 1133 turbetur,
630 1063 718 1133 pars
762 1042 879 1114 altera
922 1039 970 1112 ad
1003 1039 1144 1112 siccum
1172 1045 1374 1132 evaporata
1405 1037 1612 1112 residuum

401 1171 545 1244 nullum
563 1169 758 1262 relinquat.

510 1297 687 1370 Servetur
705 1296 787 1369 luce
806 1302 1003 1370 remotum.

401 1584 1274 1723 Muememmntlricum
1287 1581 1608 1720 fucum.

820 1775 945 1877 Lapis
967 1773 1187 1853 infernalis

401 1935 503 2028 Rpe:
533 1933 685 2037 Argenti
704 1931 835 2010 uitrici
848 1930 1086 2031 crystalliscti
1307 1953 1341 2023 q.
1361 1953 1395 2002 v.

403 2062 548 2136 calefiat
586 2063 624 2134 in
661 2083 752 2135 vase
789 2059 1036 2154 porcellane0,
1071 2059 1191 2132 donec
1221 2077 1351 2130 massa
1383 2057 1454 2129 olei
1487 2057 1616 2127 instar

403 2190 561 2280 lluxerit,
582 2189 675 2262 baec
695 2189 907 2264 effundatur
925 2187 964 2259 in
983 2187 1178 2259 modulum
1196 2186 1359 2258 ferreum
1377 2185 1472 2257 bene
1495 2203 1615 2254 mun-

403 2317 533 2389 datum
554 2337 597 2388 ac
616 2317 854 2409 tepefactum,
876 2316 938 2408 qui
947 2315 1166 2388 bacillorum
1185 2313 1325 2385 formas
1346 2313 1470 2385 habet.

511 2443 638 2516 Bacilli
656 2443 839 2536 refrigrati
856 2443 931 2516 sint
951 2441 1026 2514 albi
1039 2441 1098 2514 vel
1114 2440 1399 2528 cinerescenteS,
1419 2441 1619 2513 fracturae

402 2571 569 2644 radiatae
604 2571 840 2662 crystallinae
874 2573 910 2642 et
943 2569 1045 2641 omni
1077 2568 1191 2641 modo
1226 2588 1314 2659 erga
1345 2569 1539 2659 reagentia
1574 2587 1620 2637 se

403 2698 580 2787 habeant,
601 2701 642 2769 ut
663 2702 860 2788 argentum
877 2697 1051 2771 nitricum
1070 2696 1371 2788 crystallisatum.

513 2825 686 2898 Servetur
705 2825 743 2896 in
762 2847 853 2897 vase
873 2825 946 2896 luci
965 2824 1156 2916 impervie.

425 3111 722 3254 Argentum
751 3111 1006 3218 nitricum
1034 3143 1155 3217 cum
1182 3107 1336 3216 llclic
1364 3106 1585 3222 nitricu.

699 3303 824 3406 Lapis
847 3301 1053 3380 infernalis
1077 3301 1294 3406 mitigatus.

403 3461 502 3553 Rpe:
514 3458 663 3558 Argenti
676 3458 797 3536 uitrici
814 3458 1050 3560 crystallisati
1064 3468 1261 3557 yrauanata
1281 3459 1390 3532 decem
1559 3458 1610 3530 10

514 3583 609 3663 llalil
630 3585 753 3663 uitrici
1063 3595 1259 3684 qrammatc
1277 3589 1412 3684 viciati.
1553 3585 1609 3658 QO

510 3716 642 3789 lntime
668 3714 795 3804 mixta,
824 3714 864 3787 in
888 3735 979 3788 vase
1000 3715 1235 3806 porcellaneo
1256 3718 1364 3788 caute
1390 3712 1541 3804 liquata,
1569 3713 1609 3784 in

401 3845 622 3920 bacillorum
639 3843 800 3915 formam
818 3843 945 3916 funde.

511 3971 638 4046 Bacilli
662 3969 746 4059 albi,
767 3969 859 4059 duri,
879 3970 984 4043 fracti
1009 3969 1245 4062 superficiem
1266 3968 1519 4061 crystallinam
1543 3968 1606 4039 vix
1721 4007 1722 4026 κ

430 4101 621 4173 raebeant.

403 4122 426 4193 p
514 4227 692 4299 Gramma
716 4247 835 4298 unum
859 4225 896 4297 in
922 4223 1051 4316 viginti
1075 4223 1300 4297 centimetris
1321 4223 1461 4296 cubicis
1483 4245 1605 4316 aquae

404 4353 611 4427 destillatae
665 4354 831 4426 solutum
882 4356 919 4425 et
971 4372 1057 4424 cum
1108 4349 1383 4443 centigrammis
1428 4352 1608 4424 undecim

405 4482 538 4572 (0·110
565 4483 674 4573 grm.)
723 4480 833 4554 natrii
868 4478 1025 4552 chlorati
1068 4499 1169 4570 aqua
1209 4475 1322 4550 soluti
1353 4477 1609 4551 calefaciendo

301 4679 303 4684 ,
403 4609 570 4697 mixtum,
600 4609 785 4701 liquorem
812 4607 1000 4700 praebeat,
1022 4606 1085 4700 qui
1106 4607 1278 4694 filtratuS,
1300 4610 1453 4697 argento
1474 4607 1610 4680 nitrico

403 4736 541 4826 addite,
562 4757 641 4808 non
661 4736 823 4829 amplius
842 4735 1025 4808 turbetur.
