3502 5454
650 531 864 606 ..93-

270 747 453 826 Gramma
485 775 603 827 unum
636 753 726 825 salis
756 752 863 825 acido
884 750 1015 824 nitrico
1036 755 1361 844 supersaluratum

159 887 197 954 el
231 883 270 954 in
305 883 442 956 balneo
490 905 611 976 aquae
647 882 887 975 evaporando
931 881 1122 971 siccatum,
1168 879 1359 952 residuum

161 1010 296 1084 afliciat
311 1011 446 1084 coloris
456 1031 599 1104 expers
615 1012 716 1104 quod
732 1009 852 1102 magis
869 1009 1090 1081 calefactum
1103 1008 1214 1100 plane
1230 1008 1360 1080 evolet.

270 1157 540 1250 Praeparalum
559 1157 597 1229 in
616 1157 808 1250 pulverem
829 1156 957 1228 album
978 1155 1165 1246 dilapsum
1185 1154 1305 1244 rejice.

417 1460 745 1567 Ammonium
774 1458 1097 1576 ohlorotum.

271 1664 398 1739 Pulvis
437 1666 686 1758 crystallinus,
720 1666 841 1756 albus,
876 1665 1003 1738 odoris
1030 1685 1174 1756 expers,
1199 1664 1236 1735 in
1263 1686 1362 1757 aqua

160 1793 296 1884 frigida
314 1794 434 1884 facile,
467 1795 506 1867 in
541 1794 730 1868 ebullienti
764 1794 909 1867 facilius
943 1792 1095 1886 limpide
1119 1791 1288 1882 solvitur,
1323 1793 1360 1865 in

167 1921 300 2014 spiritu
329 1922 404 1995 vini
434 1945 555 2016 paene
575 1922 782 1995 insolubilis
803 1927 871 2011 est,
891 1922 1090 1994 calefactus
1112 1920 1192 1994 sine
1212 1920 1363 1994 residuo

166 2055 357 2139 evaporat.

276 2176 418 2249 Solutio
439 2199 594 2270 aquosa,
604 2177 804 2250 reaetionis
824 2177 1004 2266 neutrius,
1021 2177 1213 2249 eumkalio
1225 2167 1362 2267 hydro-⁴

164 2303 326 2394 oxydato
344 2305 467 2377 soluto
484 2304 674 2392 calefacta,
690 2304 920 2377 ammoniam
936 2304 1082 2392 evolvit,
1104 2325 1189 2376 curn
1205 2310 1362 2395 argento

163 2430 292 2503 nitrioo
312 2430 437 2521 mixta,
458 2431 707 2504 sedimentum
728 2431 867 2520 album,
888 2451 1097 2521 caseosmn
1114 2431 1153 2502 in
1173 2431 1362 2506 ammonia

165 2559 322 2632 solubile
343 2561 464 2634 eflicit.

276 2687 418 2762 Solutio
439 2711 585 2783 aquosa
601 2691 636 2783 (1
653 2685 740 2788 :l0)
760 2712 830 2764 nec
845 2711 945 2782 aqua
959 2689 1273 2782 hydrosulfurala
1293 2709 1362 2761 nec

164 2816 280 2906 baryo
309 2815 452 2904 uitrico,
489 2839 560 2889 neo
594 2817 701 2890 acido
737 2817 915 2891 sulfurico
945 2817 1061 2889 diluto
1090 2822 1265 2905 mutetur,
1286 2836 1365 2903 nee,

166 2943 272 3014 acido
306 2943 591 3036 hydroehlorico
636 2945 824 3018 acidulata
857 2949 893 3016 et
925 2945 1040 3036 guttis
1098 2945 1240 3036 aliquot
1278 2942 1364 3015 ferri

167 3070 456 3162 sesquichlorati
471 3072 585 3144 soluti
601 3072 748 3162 additis,
762 3073 878 3146 rubro
893 3073 1014 3146 colore
1028 3072 1201 3163 tingatur.
1214 3073 1364 3145 Ammo-

165 3199 269 3270 nium
289 3197 514 3270 sulfuratum
536 3199 788 3274 sedimentum
805 3201 953 3292 nigrum
972 3221 1020 3272 ne
1040 3200 1185 3289 efficiat,
1202 3200 1249 3273 ad
1265 3221 1364 3274 sum-

164 3347 269 3397 mum
290 3325 453 3398 colorem
473 3325 629 3398 viridem
649 3326 754 3398 haud
774 3327 935 3400 solidum
955 3327 1148 3420 producat.

279 3450 456 3525 Gramma
471 3475 588 3526 unum
604 3454 704 3543 saliS,
719 3477 804 3527 oum
823 3455 917 3527 acidi
933 3455 1052 3528 nitrioi
1068 3456 1203 3546 exigua
1218 3456 1363 3548 quanti·

165 3586 240 3653 tate
251 3580 290 3652 in
301 3581 436 3654 balneo
448 3603 568 3674 aquae
581 3583 822 3675 evaporando
835 3583 1226 3676 sicoalumnesiduum
1238 3583 1365 3655 alburn

165 3708 355 3800 praebeat,
377 3709 478 3800 quod
498 3710 631 3782 leniter
647 3710 906 3783 candefaelum
928 3711 1089 3783 colorem
1119 3710 1273 3783 omnino
1289 3730 1366 3781 non

164 3835 301 3924 trahat,
323 3835 391 3908 sed
411 3836 522 3929 plane
543 3838 720 3930 aufugiat.

278 3959 468 4059 Collyrium
489 3964 710 4061 adstrinqens
727 3964 863 4036 lateam.

454 4248 790 4393 Amygrlalae
827 4283 1067 4366 amorne.

273 4455 494 4551 Anryqdalus
514 4457 704 4528 comnmnis
733 4456 868 4549 Linn,
896 4456 982 4530 Var.
1003 4480 1128 4527 errrore
1149 4455 1232 4545 Dc„
1254 4456 1364 4528 arbor

162 4583 200 4657 in
216 4581 366 4674 regione
382 4581 656 4656 mediterranea
675 4589 895 4675 spontanea,
916 4585 1015 4676 apud
1035 4606 1106 4657 nos
1122 4583 1232 4657 culta.
1253 4582 1363 4655 Bosa-

162 4735 247 4783 ceae.
268 4711 439 4783 Pruneoe.
