3574 5454
651 557 889 630 -159-

176 793 312 862 parum
347 771 536 860 solubilem,
573 795 657 846 cum
705 775 811 846 aciclo
847 773 1129 865 hydrochlorico
1178 774 1377 846 calefactae

178 899 349 972 chiorum
365 899 548 988 emittunt,
566 921 636 992 ope
652 924 768 975 ansae
783 901 832 974 nli
848 901 1002 992 platinei
1017 902 1189 974 tlammae
1204 901 1376 973 admotae

177 1027 273 1098 lianc
295 1026 417 1100 colore
438 1027 604 1100 violaceo
625 1029 803 1102 inliciunt.

286 1153 429 1227 Solutio
446 1175 600 1245 aquosa,
616 1157 816 1229 reactionis
832 1156 1010 1244 neutrius,
1032 1175 1100 1227 nee
1121 1177 1220 1247 aqua
1239 1155 1372 1246 ltydro-

176 1280 367 1370 sulfurata,
388 1303 457 1354 nec
480 1284 669 1356 ammonio
690 1284 846 1372 oxalicO,
868 1305 936 1356 nec
957 1284 1074 1374 baryo
1093 1283 1234 1372 nitrien,
1255 1303 1376 1372 neque

175 1413 328 1500 argento
348 1409 479 1482 nitrien
498 1415 673 1483 mutetur.

414 1860 628 1968 llalinm
653 1860 1139 2003 tytrnxylatun.

402 2090 497 2169 Kali
522 2091 759 2169 causticam.
783 2092 908 2193 Lapis
933 2092 1149 2169 causticae.

284 2285 413 2357 Bacilli
434 2286 634 2377 cylindrici,
664 2287 737 2359 albi
758 2288 816 2359 vel
835 2308 969 2379 pamm
988 2287 1246 2375 flavescentes,
1277 2287 1375 2374 sicci,

174 2411 265 2499 duri,
286 2412 395 2485 valde
415 2412 580 2502 caustici,
602 2420 686 2485 ae're
706 2413 945 2502 humescunt,
966 2415 1003 2485 in
1019 2434 1119 2505 aqua
1132 2413 1265 2505 frigida
1278 2416 1376 2487 l'acil·

171 2539 258 2612 lime
299 2539 488 2613 solubiles
529 2540 671 2612 Solutio
702 2561 857 2632 aquosa,
898 2541 1004 2614 acido
1038 2541 1210 2613 tartarico
1245 2563 1373 2634 super·

171 2671 348 2756 saturata,
370 2668 653 2761 praecipitatum
675 2667 929 2758 crystallinum
949 2667 1074 2740 album
1095 2667 1265 2742 demittit.

286 2794 432 2868 Kalium
466 2795 792 2886 hydrooxydatum
825 2795 863 2867 in
901 2796 1032 2887 spiritu
1064 2795 1139 2867 vini
1178 2795 1293 2869 diluto
1333 2819 1377 2869 ex

176 2922 318 3013 integro
339 2922 413 2994 fere
435 2923 620 3013 solvatur,
639 2922 677 2995 in
697 2923 804 2996 acido
825 2923 1000 2996 sullurico
1021 2923 1136 2996 diluto
1157 2925 1322 2997 solutum
1342 2931 1379 2997 et

176 3050 282 3122 acido
303 3050 481 3124 sulturico
501 3054 753 3137 concentrat0,
776 3051 833 3122 cui
854 3051 937 3122 leni
958 3050 1122 3123 sulfurici
1148 3051 1285 3124 solutio
1312 3053 1375 3124 ad-

170 3175 272 3270 jecta
291 3184 358 3266 est,
380 3177 663 3270 superadditum
683 3198 817 3249 zonam
837 3176 1097 3250 intermediam
1124 3179 1258 3252 coloris
1285 3180 1377 3253 susci

173 3325 221 3374 ne
242 3304 389 3377 efficiat.
419 3303 561 3377 Solutio
588 3325 744 3395 aquosa,
774 3303 812 3375 in
847 3304 995 3376 acidum
1029 3305 1201 3377 nitricum
1222 3305 1377 3379 dilutum

173 3431 308 3519 intusa,
328 3453 462 3524 pamm
481 3431 632 3504 nonnisi
652 3433 869 3504 effervescat
890 3436 926 3503 et
946 3432 1073 3504 addita
1093 3433 1279 3505 solutione
1300 3433 1376 3504 sive

176 3559 281 3650 haryi
302 3559 423 3633 nitrici
444 3559 522 3632 sive
543 3559 685 3650 argenti
705 3559 825 3631 nitrici
844 3559 905 3630 vix
924 3559 1104 3632 turbetur.

290 3685 464 3759 Servetur
484 3707 573 3759 vase
595 3687 733 3778 optime
755 3687 895 3759 clauso.

410 4153 620 4262 ltalinm
648 4151 1159 4295 hydrolartaricnm.

365 4385 556 4462 Tartarus
581 4385 814 4485 depuratus
851 4379 1020 4462 Cremor
1043 4385 1196 4462 tartari.

287 4603 442 4672 Crustae
459 4599 704 4691 crystallinae,
721 4598 838 4685 albae,
855 4596 933 4669 sive
952 4597 1074 4690 pulvis
1090 4598 1210 4684 albuS,
1228 4599 1379 4690 crystal-

172 4725 283 4814 linuS,
296 4726 442 4816 saporis
455 4725 562 4814 acidi,
575 4725 706 4814 acerbi,
719 4727 755 4797 in
769 4745 867 4817 aqua
878 4724 1010 4816 frigida
1026 4724 1185 4814 difficile,
1202 4725 1238 4797 in
1251 4725 1378 4816 viginti
