<?xml version="1.0" encoding="UTF-8"?>
<!DOCTYPE html PUBLIC "-//W3C//DTD XHTML 1.0 Transitional//EN"
    "http://www.w3.org/TR/xhtml1/DTD/xhtml1-transitional.dtd">
<html xmlns="http://www.w3.org/1999/xhtml" xml:lang="en" lang="en">
 <head>
  <title>
</title>
<meta http-equiv="Content-Type" content="text/html;charset=utf-8" />
  <meta name='ocr-system' content='tesseract 3.04.00' />
  <meta name='ocr-capabilities' content='ocr_page ocr_carea ocr_par ocr_line ocrx_word'/>
</head>
<body>
  <div class='ocr_page' id='page_1' title='image "./pharmacopoeaaus00unkngoog_0069.png"; bbox 0 0 3502 5454; ppageno 0'>
   <div class='ocr_carea' id='block_1_1' title="bbox 933 521 1195 612">
    <p class='ocr_par' dir='ltr' id='par_1_1' title="bbox 933 521 1195 612">
     <span class='ocr_line' id='line_1_1' title="bbox 933 521 1195 612; baseline 0.008 -1"><span class='ocrx_word' id='word_1_1' title='bbox 933 521 1195 612; x_wconf 45' lang='lat' dir='ltr'>-ma</span> 
     </span>
    </p>
   </div>
   <div class='ocr_carea' id='block_1_2' title="bbox 436 755 1632 3002">
    <p class='ocr_par' dir='ltr' id='par_1_2' title="bbox 443 755 1632 959">
     <span class='ocr_line' id='line_1_2' title="bbox 443 755 1632 854; baseline 0.005 -24"><span class='ocrx_word' id='word_1_2' title='bbox 443 755 647 846; x_wconf 87' lang='lat' dir='ltr'>vanillacei,</span> <span class='ocrx_word' id='word_1_3' title='bbox 687 756 962 850; x_wconf 86' lang='lat' dir='ltr'>aliquantulum</span> <span class='ocrx_word' id='word_1_4' title='bbox 997 758 1311 851; x_wconf 87' lang='lat' dir='ltr'>empyreumatici,</span> <span class='ocrx_word' id='word_1_5' title='bbox 1347 757 1495 854; x_wconf 85' lang='lat' dir='ltr'>¹saporis</span> <span class='ocrx_word' id='word_1_6' title='bbox 1536 761 1632 852; x_wconf 77' lang='lat' dir='ltr'>acus,</span> 
     </span>
     <span class='ocr_line' id='line_1_3' title="bbox 444 884 646 959; baseline -0.015 0"><span class='ocrx_word' id='word_1_7' title='bbox 444 884 646 959; x_wconf 88' lang='lat' dir='ltr'>subamari.</span> 
     </span>
    </p>

    <p class='ocr_par' dir='ltr' id='par_1_3' title="bbox 436 1012 1632 2770">
     <span class='ocr_line' id='line_1_4' title="bbox 551 1012 1632 1107; baseline 0.004 -23"><span class='ocrx_word' id='word_1_8' title='bbox 551 1012 712 1085; x_wconf 85' lang='lat' dir='ltr'>Solvitur</span> <span class='ocrx_word' id='word_1_9' title='bbox 746 1012 897 1105; x_wconf 82' lang='lat' dir='ltr'>limpide</span> <span class='ocrx_word' id='word_1_10' title='bbox 926 1012 965 1085; x_wconf 92' lang='lat' dir='ltr'>in</span> <span class='ocrx_word' id='word_1_11' title='bbox 994 1014 1141 1106; x_wconf 91' lang='lat' dir='ltr'>aequali</span> <span class='ocrx_word' id='word_1_12' title='bbox 1178 1014 1345 1107; x_wconf 87' lang='lat' dir='ltr'>pondere</span> <span class='ocrx_word' id='word_1_13' title='bbox 1380 1015 1534 1107; x_wconf 87' lang='lat' dir='ltr'>spiritus</span> <span class='ocrx_word' id='word_1_14' title='bbox 1568 1016 1632 1088; x_wconf 86' lang='lat' dir='ltr'>vini</span> 
     </span>
     <span class='ocr_line' id='line_1_5' title="bbox 443 1140 1632 1234; baseline 0.003 -21"><span class='ocrx_word' id='word_1_15' title='bbox 443 1141 685 1214; x_wconf 89' lang='lat' dir='ltr'>concentrati.</span> <span class='ocrx_word' id='word_1_16' title='bbox 715 1140 879 1214; x_wconf 90' lang='lat' dir='ltr'>Balsami</span> <span class='ocrx_word' id='word_1_17' title='bbox 898 1145 1025 1234; x_wconf 89' lang='lat' dir='ltr'>partes</span> <span class='ocrx_word' id='word_1_18' title='bbox 1054 1147 1130 1214; x_wconf 88' lang='lat' dir='ltr'>tres</span> <span class='ocrx_word' id='word_1_19' title='bbox 1156 1144 1302 1234; x_wconf 90' lang='lat' dir='ltr'>partem</span> <span class='ocrx_word' id='word_1_20' title='bbox 1327 1163 1442 1214; x_wconf 86' lang='lat' dir='ltr'>unam</span> <span class='ocrx_word' id='word_1_21' title='bbox 1464 1143 1632 1217; x_wconf 88' lang='lat' dir='ltr'>carbonel</span> 
     </span>
     <span class='ocr_line' id='line_1_6' title="bbox 442 1269 1632 1361; baseline 0.003 -21"><span class='ocrx_word' id='word_1_22' title='bbox 442 1269 616 1342; x_wconf 87' lang='lat' dir='ltr'>sulfurati</span> <span class='ocrx_word' id='word_1_23' title='bbox 660 1269 875 1357; x_wconf 85' lang='lat' dir='ltr'>absorbent,</span> <span class='ocrx_word' id='word_1_24' title='bbox 920 1269 1010 1361; x_wconf 88' lang='lat' dir='ltr'>quin</span> <span class='ocrx_word' id='word_1_25' title='bbox 1044 1269 1252 1357; x_wconf 79' lang='lat' dir='ltr'>turbentur,</span> <span class='ocrx_word' id='word_1_26' title='bbox 1287 1290 1417 1342; x_wconf 88' lang='lat' dir='ltr'>verum</span> <span class='ocrx_word' id='word_1_27' title='bbox 1446 1274 1532 1342; x_wconf 88' lang='lat' dir='ltr'>octo</span> <span class='ocrx_word' id='word_1_28' title='bbox 1561 1271 1632 1344; x_wconf 86' lang='lat' dir='ltr'>aliis</span> 
     </span>
     <span class='ocr_line' id='line_1_7' title="bbox 441 1395 1631 1490; baseline 0.003 -23"><span class='ocrx_word' id='word_1_29' title='bbox 441 1397 612 1488; x_wconf 90' lang='lat' dir='ltr'>partibus</span> <span class='ocrx_word' id='word_1_30' title='bbox 641 1395 723 1488; x_wconf 88' lang='lat' dir='ltr'>ejus</span> <span class='ocrx_word' id='word_1_31' title='bbox 744 1397 890 1485; x_wconf 74' lang='lat' dir='ltr'>eddius,</span> <span class='ocrx_word' id='word_1_32' title='bbox 919 1396 1086 1469; x_wconf 88' lang='lat' dir='ltr'>resinae</span> <span class='ocrx_word' id='word_1_33' title='bbox 1106 1397 1212 1471; x_wconf 85' lang='lat' dir='ltr'>fusco</span> <span class='ocrx_word' id='word_1_34' title='bbox 1241 1395 1350 1488; x_wconf 84' lang='lat' dir='ltr'>nigra</span> <span class='ocrx_word' id='word_1_35' title='bbox 1369 1397 1631 1490; x_wconf 89' lang='lat' dir='ltr'>praecipitatur.</span> 
     </span>
     <span class='ocr_line' id='line_1_8' title="bbox 440 1522 1631 1616; baseline 0.003 -21"><span class='ocrx_word' id='word_1_36' title='bbox 440 1523 582 1615; x_wconf 88' lang='lat' dir='ltr'>Liquor</span> <span class='ocrx_word' id='word_1_37' title='bbox 608 1525 694 1597; x_wconf 89' lang='lat' dir='ltr'>inde</span> <span class='ocrx_word' id='word_1_38' title='bbox 721 1524 864 1597; x_wconf 87' lang='lat' dir='ltr'>effusus</span> <span class='ocrx_word' id='word_1_39' title='bbox 890 1522 1077 1616; x_wconf 72' lang='lat' dir='ltr'>limpidus</span> <span class='ocrx_word' id='word_1_40' title='bbox 1107 1524 1365 1612; x_wconf 69' lang='lat' dir='ltr'>lusco-flavus</span> <span class='ocrx_word' id='word_1_41' title='bbox 1394 1524 1498 1597; x_wconf 90' lang='lat' dir='ltr'>nullo</span> <span class='ocrx_word' id='word_1_42' title='bbox 1528 1526 1631 1598; x_wconf 92' lang='lat' dir='ltr'>modo</span> 
     </span>
     <span class='ocr_line' id='line_1_9' title="bbox 440 1639 1631 1725; baseline 0.003 -3"><span class='ocrx_word' id='word_1_43' title='bbox 440 1652 653 1724; x_wconf 85' lang='lat' dir='ltr'>fluorescat.</span> <span class='ocrx_word' id='word_1_44' title='bbox 718 1651 860 1724; x_wconf 87' lang='lat' dir='ltr'>Solutio</span> <span class='ocrx_word' id='word_1_45' title='bbox 903 1650 1068 1724; x_wconf 88' lang='lat' dir='ltr'>Balsami</span> <span class='ocrx_word' id='word_1_46' title='bbox 1115 1651 1152 1723; x_wconf 91' lang='lat' dir='ltr'>in</span> <span class='ocrx_word' id='word_1_47' title='bbox 1197 1651 1356 1724; x_wconf 92' lang='lat' dir='ltr'>benzino</span> <span class='ocrx_word' id='word_1_48' title='bbox 1405 1639 1631 1725; x_wconf 67' lang='lat' dir='ltr'>exhalatione</span> 
     </span>
     <span class='ocr_line' id='line_1_10' title="bbox 441 1779 1630 1873; baseline 0 -21"><span class='ocrx_word' id='word_1_49' title='bbox 441 1785 653 1872; x_wconf 88' lang='lat' dir='ltr'>spontanea</span> <span class='ocrx_word' id='word_1_50' title='bbox 679 1779 871 1851; x_wconf 89' lang='lat' dir='ltr'>residuum</span> <span class='ocrx_word' id='word_1_51' title='bbox 891 1779 1086 1852; x_wconf 90' lang='lat' dir='ltr'>oleaceum</span> <span class='ocrx_word' id='word_1_52' title='bbox 1105 1779 1317 1851; x_wconf 78' lang='lat' dir='ltr'>subflavum</span> <span class='ocrx_word' id='word_1_53' title='bbox 1331 1779 1496 1871; x_wconf 90' lang='lat' dir='ltr'>praebet,</span> <span class='ocrx_word' id='word_1_54' title='bbox 1527 1782 1630 1873; x_wconf 83' lang='lat' dir='ltr'>quod,</span> 
     </span>
     <span class='ocr_line' id='line_1_11' title="bbox 439 1906 1631 1999; baseline 0.002 -22"><span class='ocrx_word' id='word_1_55' title='bbox 439 1907 571 1980; x_wconf 90' lang='lat' dir='ltr'>leniter</span> <span class='ocrx_word' id='word_1_56' title='bbox 587 1907 817 1995; x_wconf 89' lang='lat' dir='ltr'>calefactum,</span> <span class='ocrx_word' id='word_1_57' title='bbox 834 1927 958 1998; x_wconf 88' lang='lat' dir='ltr'>neque</span> <span class='ocrx_word' id='word_1_58' title='bbox 971 1906 1286 1994; x_wconf 86' lang='lat' dir='ltr'>Terebinlhinam,</span> <span class='ocrx_word' id='word_1_59' title='bbox 1302 1927 1424 1999; x_wconf 88' lang='lat' dir='ltr'>neque</span> <span class='ocrx_word' id='word_1_60' title='bbox 1436 1907 1631 1998; x_wconf 74' lang='lat' dir='ltr'>styracem,</span> 
     </span>
     <span class='ocr_line' id='line_1_12' title="bbox 439 2033 1631 2127; baseline 0.001 -21"><span class='ocrx_word' id='word_1_61' title='bbox 439 2056 562 2127; x_wconf 88' lang='lat' dir='ltr'>neque</span> <span class='ocrx_word' id='word_1_62' title='bbox 572 2033 792 2106; x_wconf 88' lang='lat' dir='ltr'>Balsamum</span> <span class='ocrx_word' id='word_1_63' title='bbox 803 2033 1175 2126; x_wconf 89' lang='lat' dir='ltr'>Copaivaeredoleat.</span> <span class='ocrx_word' id='word_1_64' title='bbox 1185 2033 1350 2106; x_wconf 87' lang='lat' dir='ltr'>Balsumi</span> <span class='ocrx_word' id='word_1_65' title='bbox 1361 2038 1488 2125; x_wconf 85' lang='lat' dir='ltr'>guttae</span> <span class='ocrx_word' id='word_1_66' title='bbox 1500 2033 1631 2126; x_wconf 89' lang='lat' dir='ltr'>decem,</span> 
     </span>
     <span class='ocr_line' id='line_1_13' title="bbox 440 2161 1630 2254; baseline 0 -19"><span class='ocrx_word' id='word_1_67' title='bbox 440 2184 525 2235; x_wconf 90' lang='lat' dir='ltr'>cum</span> <span class='ocrx_word' id='word_1_68' title='bbox 552 2161 647 2235; x_wconf 90' lang='lat' dir='ltr'>acidi</span> <span class='ocrx_word' id='word_1_69' title='bbox 681 2161 849 2234; x_wconf 86' lang='lat' dir='ltr'>sulfurici</span> <span class='ocrx_word' id='word_1_70' title='bbox 885 2162 1113 2234; x_wconf 86' lang='lat' dir='ltr'>concentrati</span> <span class='ocrx_word' id='word_1_71' title='bbox 1142 2161 1255 2252; x_wconf 83' lang='lat' dir='ltr'>guttis</span> <span class='ocrx_word' id='word_1_72' title='bbox 1283 2161 1414 2252; x_wconf 85' lang='lat' dir='ltr'>viginti</span> <span class='ocrx_word' id='word_1_73' title='bbox 1448 2162 1630 2254; x_wconf 80' lang='lat' dir='ltr'>contritae,</span> 
     </span>
     <span class='ocr_line' id='line_1_14' title="bbox 440 2288 1628 2382; baseline 0.001 -21"><span class='ocrx_word' id='word_1_74' title='bbox 440 2290 659 2363; x_wconf 86' lang='lat' dir='ltr'>mixtionem</span> <span class='ocrx_word' id='word_1_75' title='bbox 677 2290 884 2382; x_wconf 91' lang='lat' dir='ltr'>praebeant</span> <span class='ocrx_word' id='word_1_76' title='bbox 903 2288 1149 2380; x_wconf 85' lang='lat' dir='ltr'>aequabilem,</span> <span class='ocrx_word' id='word_1_77' title='bbox 1170 2293 1351 2376; x_wconf 85' lang='lat' dir='ltr'>tenacem,</span> <span class='ocrx_word' id='word_1_78' title='bbox 1381 2289 1517 2361; x_wconf 91' lang='lat' dir='ltr'>coloris</span> <span class='ocrx_word' id='word_1_79' title='bbox 1538 2311 1628 2362; x_wconf 89' lang='lat' dir='ltr'>cera·</span> 
     </span>
     <span class='ocr_line' id='line_1_15' title="bbox 439 2415 1630 2510; baseline 0.003 -22"><span class='ocrx_word' id='word_1_80' title='bbox 439 2417 527 2506; x_wconf 92' lang='lat' dir='ltr'>sini,</span> <span class='ocrx_word' id='word_1_81' title='bbox 572 2438 669 2508; x_wconf 91' lang='lat' dir='ltr'>quae</span> <span class='ocrx_word' id='word_1_82' title='bbox 706 2417 822 2510; x_wconf 89' lang='lat' dir='ltr'>paulo</span> <span class='ocrx_word' id='word_1_83' title='bbox 862 2423 950 2509; x_wconf 83' lang='lat' dir='ltr'>post</span> <span class='ocrx_word' id='word_1_84' title='bbox 990 2438 1090 2508; x_wconf 88' lang='lat' dir='ltr'>aqua</span> <span class='ocrx_word' id='word_1_85' title='bbox 1124 2415 1256 2508; x_wconf 82' lang='lat' dir='ltr'>frigida</span> <span class='ocrx_word' id='word_1_86' title='bbox 1294 2416 1410 2505; x_wconf 90' lang='lat' dir='ltr'>eluta,</span> <span class='ocrx_word' id='word_1_87' title='bbox 1446 2417 1630 2491; x_wconf 89' lang='lat' dir='ltr'>residuum</span> 
     </span>
     <span class='ocr_line' id='line_1_16' title="bbox 436 2543 1629 2637; baseline 0.003 -20"><span class='ocrx_word' id='word_1_88' title='bbox 436 2545 659 2635; x_wconf 90' lang='lat' dir='ltr'>resinosum,</span> <span class='ocrx_word' id='word_1_89' title='bbox 674 2544 810 2637; x_wconf 84' lang='lat' dir='ltr'>frigore</span> <span class='ocrx_word' id='word_1_90' title='bbox 826 2545 955 2636; x_wconf 78' lang='lat' dir='ltr'>fragile</span> <span class='ocrx_word' id='word_1_91' title='bbox 970 2544 1166 2636; x_wconf 87' lang='lat' dir='ltr'>relinquat.</span> <span class='ocrx_word' id='word_1_92' title='bbox 1187 2543 1281 2616; x_wconf 89' lang='lat' dir='ltr'>Cum</span> <span class='ocrx_word' id='word_1_93' title='bbox 1298 2564 1397 2636; x_wconf 89' lang='lat' dir='ltr'>aqua</span> <span class='ocrx_word' id='word_1_94' title='bbox 1412 2543 1629 2620; x_wconf 90' lang='lat' dir='ltr'>destillatum</span> 
     </span>
     <span class='ocr_line' id='line_1_17' title="bbox 440 2671 1628 2770; baseline 0 -26"><span class='ocrx_word' id='word_1_95' title='bbox 440 2673 659 2746; x_wconf 88' lang='lat' dir='ltr'>Balsamum</span> <span class='ocrx_word' id='word_1_96' title='bbox 686 2673 941 2746; x_wconf 89' lang='lat' dir='ltr'>Peruviauum</span> <span class='ocrx_word' id='word_1_97' title='bbox 968 2694 1015 2746; x_wconf 91' lang='lat' dir='ltr'>ne</span> <span class='ocrx_word' id='word_1_98' title='bbox 1043 2672 1223 2765; x_wconf 90' lang='lat' dir='ltr'>praebeat</span> <span class='ocrx_word' id='word_1_99' title='bbox 1255 2671 1379 2770; x_wconf 92' lang='lat' dir='ltr'>oleum</span> <span class='ocrx_word' id='word_1_100' title='bbox 1411 2671 1628 2744; x_wconf 85' lang='lat' dir='ltr'>aethereum·</span> 
     </span>
    </p>

    <p class='ocr_par' dir='ltr' id='par_1_4' title="bbox 437 2798 1628 3002">
     <span class='ocr_line' id='line_1_18' title="bbox 550 2798 1628 2898; baseline -0.004 -26"><span class='ocrx_word' id='word_1_101' title='bbox 550 2800 795 2896; x_wconf 78' lang='lat' dir='ltr'>Emplaslrum</span> <span class='ocrx_word' id='word_1_102' title='bbox 820 2801 1063 2898; x_wconf 75' lang='lat' dir='ltr'>Auyltcouum.</span> <span class='ocrx_word' id='word_1_103' title='bbox 1097 2799 1339 2895; x_wconf 78' lang='lat' dir='ltr'>Emploslrum</span> <span class='ocrx_word' id='word_1_104' title='bbox 1374 2798 1628 2872; x_wconf 77' lang='lat' dir='ltr'>Cantharidum.</span> 
     </span>
     <span class='ocr_line' id='line_1_19' title="bbox 437 2926 943 3002; baseline 0 -3"><span class='ocrx_word' id='word_1_105' title='bbox 437 2926 597 3002; x_wconf 79' lang='lat' dir='ltr'>Miclura</span> <span class='ocrx_word' id='word_1_106' title='bbox 616 2926 943 3001; x_wconf 76' lang='lat' dir='ltr'>oleoso-balsamico.</span> 
     </span>
    </p>
   </div>
   <div class='ocr_carea' id='block_1_3' title="bbox 695 3213 1376 3330">
    <p class='ocr_par' dir='ltr' id='par_1_5' title="bbox 695 3213 1376 3330">
     <span class='ocr_line' id='line_1_20' title="bbox 695 3213 1376 3330; baseline 0.012 -8"><span class='ocrx_word' id='word_1_107' title='bbox 695 3213 1007 3322; x_wconf 87' lang='lat' dir='ltr'>Balsamum</span> <span class='ocrx_word' id='word_1_108' title='bbox 1033 3213 1376 3330; x_wconf 76' lang='lat' dir='ltr'>Tolutanum.</span> 
     </span>
    </p>
   </div>
   <div class='ocr_carea' id='block_1_4' title="bbox 430 3437 1626 4786">
    <p class='ocr_par' dir='ltr' id='par_1_6' title="bbox 435 3437 1626 3790">
     <span class='ocr_line' id='line_1_21' title="bbox 547 3437 1626 3533; baseline 0 -25"><span class='ocrx_word' id='word_1_109' title='bbox 547 3437 1626 3533; x_wconf 73' lang='lat' dir='ltr'>ToluiseruBalsomumLinn,arborindigenainbmerica</span> 
     </span>
     <span class='ocr_line' id='line_1_22' title="bbox 435 3563 1626 3660; baseline -0.003 -20"><span class='ocrx_word' id='word_1_110' title='bbox 435 3566 681 3655; x_wconf 84' lang='lat' dir='ltr'>meridionali,</span> <span class='ocrx_word' id='word_1_111' title='bbox 729 3565 953 3660; x_wconf 89' lang='lat' dir='ltr'>praesertim</span> <span class='ocrx_word' id='word_1_112' title='bbox 991 3565 1030 3637; x_wconf 92' lang='lat' dir='ltr'>in</span> <span class='ocrx_word' id='word_1_113' title='bbox 1068 3565 1214 3639; x_wconf 88' lang='lat' dir='ltr'>civitate</span> <span class='ocrx_word' id='word_1_114' title='bbox 1252 3563 1626 3638; x_wconf 84' lang='lat' dir='ltr'>Nova-Granateusi.</span> 
     </span>
     <span class='ocr_line' id='line_1_23' title="bbox 438 3691 1186 3790; baseline 0 -26"><span class='ocrx_word' id='word_1_115' title='bbox 438 3691 697 3790; x_wconf 72' lang='lat' dir='ltr'>Leyuroiuosae.</span> <span class='ocrx_word' id='word_1_116' title='bbox 726 3692 1007 3788; x_wconf 80' lang='lat' dir='ltr'>Papiliooaceoc.</span> <span class='ocrx_word' id='word_1_117' title='bbox 1184 3701 1186 3706; x_wconf 80' lang='grc'><strong>“</strong></span> 
     </span>
    </p>

    <p class='ocr_par' dir='ltr' id='par_1_7' title="bbox 430 3819 1623 4403">
     <span class='ocr_line' id='line_1_24' title="bbox 541 3819 1622 3909; baseline -0.001 -18"><span class='ocrx_word' id='word_1_118' title='bbox 541 3819 667 3893; x_wconf 84' lang='lat' dir='ltr'>Massa</span> <span class='ocrx_word' id='word_1_119' title='bbox 699 3820 758 3893; x_wconf 91' lang='lat' dir='ltr'>vel</span> <span class='ocrx_word' id='word_1_120' title='bbox 794 3819 1014 3909; x_wconf 89' lang='lat' dir='ltr'>semifluida,</span> <span class='ocrx_word' id='word_1_121' title='bbox 1049 3819 1321 3893; x_wconf 82' lang='lat' dir='ltr'>terebinthinae</span> <span class='ocrx_word' id='word_1_122' title='bbox 1356 3819 1622 3909; x_wconf 87' lang='lat' dir='ltr'>consistenliae,</span> 
     </span>
     <span class='ocr_line' id='line_1_25' title="bbox 432 3946 1623 4039; baseline -0.002 -20"><span class='ocrx_word' id='word_1_123' title='bbox 432 3947 585 4034; x_wconf 88' lang='lat' dir='ltr'>viscida,</span> <span class='ocrx_word' id='word_1_124' title='bbox 620 3947 719 4020; x_wconf 86' lang='lat' dir='ltr'>flava</span> <span class='ocrx_word' id='word_1_125' title='bbox 748 3954 814 4020; x_wconf 92' lang='lat' dir='ltr'>aut</span> <span class='ocrx_word' id='word_1_126' title='bbox 837 3949 1084 4039; x_wconf 88' lang='lat' dir='ltr'>rubro-fusca,</span> <span class='ocrx_word' id='word_1_127' title='bbox 1113 3947 1183 4036; x_wconf 90' lang='lat' dir='ltr'>vel,</span> <span class='ocrx_word' id='word_1_128' title='bbox 1213 3969 1280 4039; x_wconf 87' lang='lat' dir='ltr'>per</span> <span class='ocrx_word' id='word_1_129' title='bbox 1307 3946 1455 4038; x_wconf 79' lang='lat' dir='ltr'>longius</span> <span class='ocrx_word' id='word_1_130' title='bbox 1483 3951 1623 4038; x_wconf 89' lang='lat' dir='ltr'>tempus</span> 
     </span>
     <span class='ocr_line' id='line_1_26' title="bbox 431 4073 1622 4166; baseline -0.003 -20"><span class='ocrx_word' id='word_1_131' title='bbox 431 4073 606 4165; x_wconf 83' lang='lat' dir='ltr'>reposita,</span> <span class='ocrx_word' id='word_1_132' title='bbox 644 4075 773 4163; x_wconf 89' lang='lat' dir='ltr'>solida,</span> <span class='ocrx_word' id='word_1_133' title='bbox 811 4077 994 4164; x_wconf 87' lang='lat' dir='ltr'>resinosa,</span> <span class='ocrx_word' id='word_1_134' title='bbox 1031 4075 1196 4162; x_wconf 69' lang='lat' dir='ltr'>friabilis</span> <span class='ocrx_word' id='word_1_135' title='bbox 1226 4073 1423 4166; x_wconf 83' lang='lat' dir='ltr'>pellucida,</span> <span class='ocrx_word' id='word_1_136' title='bbox 1454 4073 1622 4144; x_wconf 84' lang='lat' dir='ltr'>calefacta</span> 
     </span>
     <span class='ocr_line' id='line_1_27' title="bbox 432 4199 1622 4293; baseline -0.001 -21"><span class='ocrx_word' id='word_1_137' title='bbox 432 4202 689 4290; x_wconf 83' lang='lat' dir='ltr'>emollesceuS,</span> <span class='ocrx_word' id='word_1_138' title='bbox 706 4203 830 4275; x_wconf 89' lang='lat' dir='ltr'>odoris</span> <span class='ocrx_word' id='word_1_139' title='bbox 846 4203 1012 4275; x_wconf 73' lang='lat' dir='ltr'>balsami</span> <span class='ocrx_word' id='word_1_140' title='bbox 1025 4203 1224 4275; x_wconf 90' lang='lat' dir='ltr'>Peruviani</span> <span class='ocrx_word' id='word_1_141' title='bbox 1240 4201 1463 4288; x_wconf 86' lang='lat' dir='ltr'>suavissimi,</span> <span class='ocrx_word' id='word_1_142' title='bbox 1486 4199 1622 4293; x_wconf 86' lang='lat' dir='ltr'>saporis</span> 
     </span>
     <span class='ocr_line' id='line_1_28' title="bbox 430 4328 1027 4403; baseline -0.003 -1"><span class='ocrx_word' id='word_1_143' title='bbox 430 4329 623 4402; x_wconf 88' lang='lat' dir='ltr'>subdulcis</span> <span class='ocrx_word' id='word_1_144' title='bbox 643 4349 728 4402; x_wconf 92' lang='lat' dir='ltr'>cum</span> <span class='ocrx_word' id='word_1_145' title='bbox 747 4330 820 4403; x_wconf 91' lang='lat' dir='ltr'>levi</span> <span class='ocrx_word' id='word_1_146' title='bbox 841 4328 1027 4402; x_wconf 91' lang='lat' dir='ltr'>acredine.</span> 
     </span>
    </p>

    <p class='ocr_par' dir='ltr' id='par_1_8' title="bbox 430 4451 1620 4786">
     <span class='ocr_line' id='line_1_29' title="bbox 540 4451 1620 4548; baseline -0.006 -19"><span class='ocrx_word' id='word_1_147' title='bbox 540 4456 594 4529; x_wconf 86' lang='lat' dir='ltr'>Sil</span> <span class='ocrx_word' id='word_1_148' title='bbox 608 4455 775 4530; x_wconf 89' lang='lat' dir='ltr'>solubilis</span> <span class='ocrx_word' id='word_1_149' title='bbox 791 4457 828 4527; x_wconf 92' lang='lat' dir='ltr'>in</span> <span class='ocrx_word' id='word_1_150' title='bbox 844 4456 979 4548; x_wconf 87' lang='lat' dir='ltr'>spiritu</span> <span class='ocrx_word' id='word_1_151' title='bbox 999 4456 1074 4527; x_wconf 91' lang='lat' dir='ltr'>vini</span> <span class='ocrx_word' id='word_1_152' title='bbox 1091 4461 1343 4546; x_wconf 89' lang='lat' dir='ltr'>concentrat0,</span> <span class='ocrx_word' id='word_1_153' title='bbox 1365 4451 1620 4528; x_wconf 91' lang='lat' dir='ltr'>chloroformio</span> 
     </span>
     <span class='ocr_line' id='line_1_30' title="bbox 431 4579 1619 4675; baseline -0.005 -17"><span class='ocrx_word' id='word_1_154' title='bbox 431 4591 467 4658; x_wconf 85' lang='lat' dir='ltr'>et</span> <span class='ocrx_word' id='word_1_155' title='bbox 494 4586 533 4657; x_wconf 91' lang='lat' dir='ltr'>in</span> <span class='ocrx_word' id='word_1_156' title='bbox 561 4584 658 4658; x_wconf 83' lang='lat' dir='ltr'>lralio</span> <span class='ocrx_word' id='word_1_157' title='bbox 687 4583 971 4675; x_wconf 84' lang='lat' dir='ltr'>hydrooxydato</span> <span class='ocrx_word' id='word_1_158' title='bbox 1001 4584 1136 4672; x_wconf 89' lang='lat' dir='ltr'>soluto,</span> <span class='ocrx_word' id='word_1_159' title='bbox 1176 4583 1239 4654; x_wconf 87' lang='lat' dir='ltr'>sed</span> <span class='ocrx_word' id='word_1_160' title='bbox 1279 4604 1357 4655; x_wconf 91' lang='lat' dir='ltr'>uon</span> <span class='ocrx_word' id='word_1_161' title='bbox 1388 4581 1557 4656; x_wconf 89' lang='lat' dir='ltr'>solubilis</span> <span class='ocrx_word' id='word_1_162' title='bbox 1587 4579 1619 4652; x_wconf 86' lang='lat' dir='ltr'>in</span> 
     </span>
     <span class='ocr_line' id='line_1_31' title="bbox 430 4703 1537 4786; baseline -0.003 -2"><span class='ocrx_word' id='word_1_163' title='bbox 430 4713 589 4785; x_wconf 91' lang='lat' dir='ltr'>benzino</span> <span class='ocrx_word' id='word_1_164' title='bbox 610 4711 704 4786; x_wconf 91' lang='lat' dir='ltr'>etin</span> <span class='ocrx_word' id='word_1_165' title='bbox 725 4711 912 4784; x_wconf 85' lang='lat' dir='ltr'>carbonen</span> <span class='ocrx_word' id='word_1_166' title='bbox 933 4711 1127 4783; x_wconf 85' lang='lat' dir='ltr'>sulfurato</span> <span class='ocrx_word' id='word_1_167' title='bbox 1526 4703 1537 4718; x_wconf 85' lang='lat'>&#39;</span> 
     </span>
    </p>
   </div>
   <div class='ocr_carea' id='block_1_5' title="bbox 0 0 1756 5454">
    <p class='ocr_par' dir='ltr' id='par_1_9' title="bbox 0 0 1756 5454">
     <span class='ocr_line' id='line_1_32' title="bbox 0 0 1756 5454; baseline 0 4"><span class='ocrx_word' id='word_1_168' title='bbox 0 0 1756 5454; x_wconf 95' lang='lat' dir='ltr'> </span> 
     </span>
    </p>
   </div>
  </div>
 </body>
</html>
