3574 5454
878 449 1121 520 -160-

405 665 572 760 partibus
593 665 780 738 bullientis
801 665 981 738 solubilis.
1003 666 1246 738 Fervelaotus
1262 664 1416 736 odorem
1437 664 1604 736 sacchari

405 793 496 866 tosti
518 793 671 885 spargit,
693 793 926 866 carboneseit
947 797 983 866 et
1001 813 1170 865 massam
1198 792 1393 864 alealinam
1422 790 1604 884 relinquit,

406 943 503 1013 quae
524 943 595 1014 ope
615 921 666 992 fili
691 921 842 1013 platinei
866 921 1039 993 flammae
1066 919 1228 1007 admota,
1255 919 1354 991 hauc
1381 919 1504 992 colore
1525 920 1602 992 vio-

403 1051 513 1122 laceo
534 1049 659 1121 inficit.
681 1049 864 1121 Solutioni
884 1049 969 1120 kalii
989 1047 1174 1121 carboniei
1194 1047 1386 1120 immixtus
1412 1048 1483 1120 sub
1504 1047 1605 1120 etser-

407 1177 602 1251 vescentia
621 1176 784 1248 solvitur.

521 1303 648 1377 Pulvis
665 1304 755 1377 salis
771 1324 857 1376 eum
877 1324 976 1396 aqua
996 1303 1182 1376 destillata
1197 1306 1412 1394 quassatus
1428 1302 1606 1393 liquorem

313 1417 316 1424 ’
405 1433 594 1526 praebeat,
623 1433 685 1524 qui
710 1431 871 1504 filtratus
891 1451 960 1503 nee
982 1452 1081 1523 aqua
1104 1429 1423 1522 hydrosulsurata,
1443 1451 1511 1502 nec
1530 1453 1606 1504 am·

409 1560 537 1632 monio
568 1559 763 1647 sulfurato
792 1581 873 1648 nec,
901 1559 1008 1632 acido
1033 1558 1163 1631 uitrico
1194 1557 1309 1630 diluto
1329 1557 1468 1646 addit0,
1492 1558 1606 1650 baryo

409 1687 539 1761 uitrico
560 1691 734 1775 mutetur,
755 1692 909 1779 argento
928 1687 1058 1760 uitrico
1078 1685 1339 1759 tantummodo
1353 1684 1484 1758 leviter
1514 1706 1604 1779 opa-

408 1815 537 1887 leseat.
559 1814 653 1888 Cum
672 1816 771 1888 kalio
792 1815 1077 1907 hydrooxydato
1098 1814 1297 1887 calefactus
1314 1813 1543 1886 ammoniam
1557 1836 1606 1886 ne

408 1944 562 2016 emittat.

518 2068 760 2142 Electuarvanr
780 2071 970 2142 ianitorum.
994 2068 1126 2165 Species
1144 2070 1302 2142 laxantes
1321 2066 1372 2141 St.
1399 2065 1577 2140 Gnarum.

600 2465 812 2574 llalium
837 2464 1416 2609 hypermanganioum.

514 2709 686 2801 Crystalli
705 2711 954 2803 prismatieae,
976 2709 1111 2783 eoloris
1132 2709 1279 2782 intense
1295 2710 1463 2800 violacei,
1480 2713 1605 2784 metal-

405 2837 473 2909 lice
501 2837 756 2930 splendentes,
783 2838 930 2930 saporis
954 2859 1087 2931 parum
1112 2837 1391 2930 adstringentis
1420 2839 1460 2912 in
1489 2861 1606 2932 aquae

407 2967 577 3058 partibus
599 2965 763 3038 sedecim
780 2966 923 3038 circiter
933 2966 1129 3052 solubiles;
1151 2966 1288 3039 solutio
1299 2988 1456 3058 aquosa,
1473 2968 1605 3041 coloris

407 3116 426 3167 e
467 3095 638 3167 caeruleo
671 3095 784 3182 rubri,
811 3094 924 3167 variis
963 3094 1186 3167 substantiis
1226 3099 1262 3167 et
1295 3094 1538 3169 mineralibus
1571 3107 1606 3174 et

410 3222 606 3317 organicis
666 3222 838 3314 oxygenii
884 3222 1149 3315 appetentibus
1188 3222 1482 3316 decomponitur,
1521 3225 1605 3298 hinc

407 3352 593 3426 solutione
624 3350 709 3422 ferri
738 3350 914 3438 sulfuriei,
950 3349 1096 3442 adjecto
1131 3349 1238 3423 acido
1274 3350 1450 3423 sulfurico
1480 3351 1605 3442 diluta,

407 3479 654 3554 decoloratur.
675 3477 780 3550 Kalio
792 3476 1077 3569 hydrooxydato
1099 3477 1278 3549 calefacta
1294 3478 1396 3550 color
1411 3479 1605 3553 solutionis

405 3609 443 3681 in
463 3606 618 3680 viridem
638 3610 811 3679 mutetur.

517 3733 694 3806 Gramma
709 3733 902 3806 dimidium
917 3733 1013 3805 Kalii
1027 3731 1368 3825 hypermanganiei,
1386 3755 1471 3806 eum
1487 3757 1602 3826 gram·

406 3863 477 3935 mis
505 3862 653 3934 duobus
674 3862 827 3954 spiritus
855 3861 930 3933 viui
956 3860 1185 3932 concontrati
1219 3866 1254 3932 et
1286 3860 1605 3954 vigintiquinque

406 4011 528 4081 aquae
554 3989 602 4060 ad
636 3989 891 4062 ebullitionem
909 3988 1164 4074 fervefactum,
1194 3987 1374 4060 tiltratum
1395 3988 1605 4062 decolorem

405 4117 594 4211 praebeat,
620 4117 721 4208 quod
742 4117 857 4208 baryo
877 4117 1008 4189 uitrico
1033 4116 1093 4188 vel
1113 4121 1269 4206 argento
1289 4117 1422 4189 nitrieo
1444 4117 1507 4189 vix
1535 4124 1604 4191 tur-

406 4247 524 4333 betur,
559 4267 628 4318 nec
663 4245 770 4316 acido
798 4243 974 4342 sulfurico
996 4247 1237 4316 eorrcentrato
1259 4248 1295 4316 et
1316 4244 1503 4317 solutione
1523 4244 1603 4318 ferri

407 4373 572 4447 sulfurici
593 4373 732 4461 addito,
753 4393 888 4445 zonam
906 4372 1184 4444 rubro-luscam
1205 4371 1387 4444 exhibeat.

518 4501 693 4575 Servetur
711 4523 803 4574 vase
824 4500 962 4594 optime
983 4501 1111 4573 clauso
1131 4499 1204 4572 luoi
1223 4499 1414 4592 impervio.
