3502 5454
910 542 1122 616 -5g-

417 759 710 853 angustioribus:
740 759 941 833 linearibus
970 760 1028 832 vel
1059 760 1359 848 cuneifonnibus
1389 757 1526 832 ciliatis
1556 761 1628 828 aut

418 888 597 982 crispatis,
617 888 857 980 cystocarpiis
873 886 1201 981 haemisphaericis
1216 886 1362 960 adnatis
1378 892 1444 958 aut
1460 883 1627 957 clavatis

417 1016 536 1108 magis
550 1015 860 1108 prominentibus
877 1015 1126 1107 cartilaginea
1141 1015 1269 1107 rigido
1284 1036 1384 1107 aqua
1399 1015 1627 1086 humectato

418 1143 815 1234 gelatinoso-carnos0,
835 1143 988 1232 lubrico,
1010 1141 1144 1215 coloris
1164 1141 1408 1230 flavescentis,
1428 1141 1626 1214 interdum

418 1271 554 1342 etlaro
575 1270 819 1358 rubescentis,
840 1269 987 1363 saporis
1007 1268 1277 1361 mucilaginosi.

526 1398 621 1472 Cum
653 1419 754 1490 aqua
791 1403 938 1470 coctum
960 1397 1195 1488 Carraghecn
1223 1395 1405 1488 liquorem
1428 1393 1629 1484 mucilagi-

417 1547 554 1598 nosum
569 1525 731 1618 praebet,
748 1524 810 1617 qui
821 1524 913 1597 satis
924 1528 1187 1597 concontratus
1198 1529 1285 1616 post
1298 1523 1627 1616 refrigerationem

417 1653 455 1724 in
474 1652 675 1744 gelatinam
695 1651 779 1724 coit.

838 2063 1203 2209 Caryophylli.

532 2289 786 2385 Caryophyllus
826 2289 1040 2361 aromaticus
1078 2289 1223 2378 Lina,
1261 2289 1371 2361 arbor
1407 2289 1446 2360 in
1485 2287 1630 2360 insulis

418 2417 595 2489 Moluccis
621 2417 808 2509 indigena,
837 2438 939 2489 nunc
967 2417 1064 2489 inter
1093 2417 1255 2508 tropicos
1276 2417 1351 2489 sere
1371 2415 1485 2488 totius
1515 2415 1626 2488 orbis

420 2544 528 2617 culta.
548 2543 755 2640 Myrtuccae.

528 2671 655 2744 Floras
672 2671 883 2764 inexplicati
894 2672 1032 2760 siccati,
1049 2671 1257 2765 liypanthio
1269 2670 1627 2765 compressiuscuIO,

423 2799 589 2871 obsolete
615 2803 822 2890 tetragono,
857 2801 1031 2872 deorsum
1053 2804 1262 2885 attenuato,
1297 2799 1426 2870 decem
1446 2800 1494 2871 ad
1514 2799 1628 2890 quin·

420 2924 541 2997 decim
572 2924 785 2999 millimetra
813 2927 936 3018 longo,
971 2928 1019 2999 ad
1044 2931 1207 3018 quatuor
1234 2925 1443 2998 millimetra
1476 2947 1627 3012 crasso,

422 3053 539 3126 dense
561 3053 731 3125 minutim
750 3075 901 3146 rugoso,
923 3055 1057 3126 coloris
1076 3054 1286 3145 ferruginei,
1314 3053 1458 3126 laciniis
1480 3053 1626 3144 calycis

422 3186 585 3272 quatuor
604 3181 737 3268 ovatiS,
758 3181 942 3270 concavis
966 3182 1194 3275 patentibus
1214 3181 1340 3273 rigidis
1361 3185 1554 3267 coronato,
1586 3180 1626 3251 in

421 3307 615 3400 superiore
635 3312 740 3401 parte
761 3330 915 3399 germen
934 3308 1137 3380 biloculare
1157 3310 1318 3396 fovente,
1348 3308 1487 3380 corolla
1506 3313 1626 3380 tetra-

418 3434 545 3527 petala
566 3435 704 3523 clausa,
725 3435 858 3527 petalis
878 3436 1165 3508 cohaerentibus
1187 3437 1225 3508 in
1244 3437 1406 3509 formam
1425 3436 1625 3528 calypuae

418 3562 860 3653 rotundato-tetragonae
881 3563 1017 3635 coloris
1038 3561 1297 3652 davida-susci,
1328 3563 1490 3636 stamina
1508 3563 1625 3655 plura

419 3693 455 3760 et
475 3689 614 3780 stylum
635 3688 853 3762 subulatum
884 3691 1096 3782 operientis,
1127 3691 1251 3762 odoris
1276 3696 1380 3782 grate
1411 3690 1624 3779 aromatici,

421 3815 569 3907 saporis
581 3815 689 3906 acriS,
702 3817 905 3889 aromatici.
928 3817 1019 3889 Tela
1034 3818 1227 3910 periferica
1241 3817 1433 3910 hypanthii
1452 3817 1626 3890 ostendit

418 3942 456 4013 iu
473 3941 639 4014 sectione
655 3947 875 4016 transversa
892 3949 958 4016 aut.
970 3945 1231 4036 longitudinali
1242 3945 1314 4016 sub
1325 3945 1424 4017 lente
1436 3966 1626 4018 cavernas

421 4061 773 4163 amplas'copiosaS,
795 4073 878 4144 oleo
899 4072 1072 4144 aethereo
1092 4072 1266 4164 repletas.

529 4197 610 4269 Sint
638 4196 877 4291 Caryophylli
905 4199 1120 4292 ponderosi,
1154 4199 1297 4291 integri,
1331 4200 1466 4272 coloris
1503 4221 1628 4294 supra

420 4324 611 4417 descripti,
650 4325 777 4397 odoris
817 4332 853 4398 et
892 4326 1042 4418 saporis
1080 4327 1334 4416 vehementis,
1381 4327 1456 4399 triti
1495 4329 1628 4402 oleum

422 4451 637 4524 aethereum
659 4452 851 4525 sudantes.

530 4599 669 4670 Acetum
690 4599 927 4671 orornoiicum.
954 4601 1060 4696 Aqua
1079 4603 1270 4673 aromatico
1297 4601 1504 4696 spirituosa.
1526 4601 1629 4675 Elec·

421 4726 576 4799 icarium
596 4726 837 4798 aromaticum.
