3576 5454
675 572 913 645 -193-

519 782 709 895 (ileum
735 781 1079 891 cinnamomi.

623 993 764 1074 Oleum
790 992 966 1074 Cassiae.

303 1168 331 1240 E
355 1167 491 1242 cortice
508 1169 733 1242 Cirmumomi
748 1170 891 1243 Cassiae
900 1170 1106 1258 obtentum,
1120 1170 1168 1243 sit
1183 1171 1393 1244 flavescens

196 1294 254 1365 vel
293 1295 527 1386 subfuscum,
566 1297 772 1391 limpidum,
810 1297 936 1370 odoris
981 1301 1017 1369 et
1055 1298 1203 1390 saporis
1243 1298 1392 1370 corticis
1444 1369 1451 1399 ⁸

196 1419 431 1494 Cinnanrorui
459 1424 668 1516 peculiaris
697 1425 873 1518 ponderis
900 1446 999 1517 spec.
1031 1426 1155 1512 1055,
1185 1424 1224 1497 in
1261 1425 1392 1517 spiritu

193 1547 267 1619 vini
287 1548 460 1623 facillime
482 1553 720 1626 solvendum.

302 1675 440 1750 Guttae
462 1685 625 1771 quatuor
645 1681 727 1770 olei,
748 1701 834 1753 cum
855 1679 985 1752 decem
1005 1677 1231 1751 centimetris
1252 1678 1394 1751 cubicis

191 1800 344 1893 spiritus
385 1804 460 1877 vini
509 1801 738 1880 concentrati
775 1807 914 1880 dilutae
960 1810 997 1879 ct
1034 1811 1140 1898 gutta
1183 1826 1261 1878 una
1307 1806 1393 1878 ferri

194 1929 482 2022 sesquichlorati
511 1933 625 2006 soluti
649 1934 798 2022 mixtae,
828 1935 991 2006 colorem
1019 1933 1216 2007 dumtaxat
1241 1935 1391 2005 tuscum

192 2075 269 2128 uon
284 2077 374 2129 vero
396 2060 610 2134 caeruleum
631 2065 697 2134 aut
715 2061 872 2134 viridem
891 2060 1059 2132 induant.

299 2183 461 2258 Mixiura
481 2187 803 2262 oleoso-bairanum.

613 2471 800 2581 (ileum
826 2470 974 2587 oroi.

299 2696 327 2767 E
347 2695 555 2790 pericarpio
575 2695 722 2801 recenti
739 2695 830 2768 Citri
849 2694 995 2767 Isimoui
1014 2696 1219 2784 obtentum,
1240 2695 1288 2768 sit
1312 2696 1389 2767 lirn-

190 2821 331 2914 pidum,
357 2827 481 2913 tenue,
508 2825 643 2897 coloris
672 2845 692 2896 e
721 2823 857 2896 ssavido
877 2822 1065 2916 pallentiS,
1095 2822 1223 2895 odoris
1243 2822 1387 2895 fructus

189 2948 277 3022 Citri
293 2950 502 3041 peculiaris
520 2953 666 3045 saporis
697 2949 1050 3038 amaro-aromatici,
1080 2949 1257 3043 ponderis
1287 2970 1386 3042 spec.

189 3077 318 3165 0850,
362 3076 400 3148 in
446 3083 590 3170 septem
626 3078 795 3171 partibus
835 3077 988 3170 spiritus
1033 3076 1110 3148 vini
1157 3077 1384 3149 concontrati

189 3202 361 3276 solubile.

272 3421 275 3428 A
296 3327 458 3402 Mirtum
478 3331 800 3404 oleosouatsamua.
830 3332 935 3404 Potio
954 3329 1128 3427 Maprresii
1147 3330 1261 3402 uitrici
1289 3329 1388 3427 effer-

188 3479 324 3528 vaccua.

431 3748 723 3858 oleum
768 3747 1170 3862 fleotomo.

293 3967 322 4039 E
359 3966 567 4040 seminibus
601 3969 792 4041 mundatis
819 3967 983 4042 Crotonis
1007 3966 1117 4064 Piplii
1144 3965 1303 4061 (Lino.)
1325 3989 1387 4040 ex-

184 4094 382 4186 pressione
403 4094 600 4167 obtentuur
620 4095 745 4169 oleum
763 4095 913 4188 pingue,
935 4097 982 4170 sit
1001 4095 1209 4189 limpidum,
1228 4095 1384 4188 paulum

184 4221 364 4314 spissum,
385 4221 519 4294 coloris
538 4222 799 4322 bruneo-flavi,
820 4223 945 4296 odoris
966 4222 1097 4295 debilis
1119 4223 1267 4315 ingrati,
1283 4223 1386 4295 haud

183 4349 338 4440 rancidi,
355 4348 502 4442 saporis
518 4348 621 4422 initio
636 4349 749 4439 mitis,
766 4351 834 4423 sed
845 4372 933 4423 mox
943 4349 1054 4422 valde
1069 4349 1166 4423 acris
1183 4354 1220 4423 et
1235 4350 1388 4439 urentis,

182 4475 363 4570 ponderis
384 4497 484 4568 spec.
506 4477 801 4550 0·940-0·950
822 4482 858 4550 et
874 4477 1074 4550 reactionis
1094 4479 1233 4552 acidae.

293 4601 454 4677 Maxima
481 4623 526 4674 ex
545 4609 650 4696 parte
670 4605 708 4678 in
728 4604 859 4697 spiritu
887 4605 973 4695 vini,
1005 4627 1050 4678 ex
1068 4609 1148 4678 toto
1168 4605 1207 4678 in
1236 4604 1388 4677 aethere

183 4734 221 4802 ot
241 4729 507 4802 chlorosormio
529 4731 695 4805 solvitur.

237 4867 433 4922 Pharmncopoee.
1174 4873 1207 4924 1³
