3576 5454
673 605 914 680 -loa—

308 821 420 896 Gutta
445 822 644 896 solutionis
674 822 801 895 acidae
830 823 868 895 in
885 797 1037 897 lamina
1065 825 1230 918 platinea
1250 826 1399 915 stillata,

198 950 345 1041 adjecto
371 951 528 1042 granulo
553 951 647 1024 zinci
671 950 848 1023 metallici
871 951 969 1024 hanc
997 953 1145 1026 macula
1172 953 1280 1044 nigra
1305 941 1397 1026 anti·⁴

196 1076 323 1150 monio
342 1077 497 1150 reducto
518 1077 713 1151 efformata
732 1077 895 1150 obducit.

270 1365 867 1502 sumendorum
901 1365 1324 1478 mimorum.

306 1587 480 1678 Crystalli
501 1587 656 1679 gracieS,
677 1587 795 1678 albae,
816 1588 960 1661 sericeo
976 1589 1228 1681 splendentes
1250 1590 1398 1682 saporis

195 1715 431 1803 amarissimi,
449 1715 489 1788 in
509 1736 607 1807 aqua
627 1720 664 1788 et
692 1715 825 1808 spiritu
845 1715 922 1787 vini
941 1715 1110 1788 bullienti
1130 1715 1249 1806 facile,
1272 1715 1399 1788 diffici-

194 1843 267 1916 lius
287 1845 325 1917 in
344 1863 443 1934 aqua
463 1848 500 1915 et
528 1841 660 1935 spiritu
679 1843 755 1914 vini
774 1843 917 1935 frigido,
946 1865 1016 1916 nec
1045 1865 1122 1916 non
1141 1843 1180 1916 in
1209 1843 1398 1936 glycerino

195 1971 385 2046 solubiles.
427 1969 570 2042 Solutio
605 1991 751 2061 aquosa
788 1971 958 2044 chartam
997 1971 1284 2064 exploratoriem
1322 1992 1399 2044 non

196 2104 326 2188 mutat,
365 2097 492 2171 addito
521 2097 619 2169 kalio
648 2097 931 2190 hydrooxydato
962 2098 1086 2172 soluto
1115 2098 1398 2192 praecipitatum
1512 2147 1516 2152 -

193 2229 330 2319 album,
365 2226 695 2318 superabundante
748 2232 924 2318 reagente
972 2226 1181 2316 insolubile,
1231 2227 1394 2319 deponit·

194 2355 401 2446 Crystallus
423 2354 637 2446 Strychnini
662 2354 795 2446 nitrici,
824 2356 863 2428 in
892 2355 1040 2428 acidum
1066 2355 1399 2447 hydrochloricum

194 2482 378 2556 ebulliens
407 2481 596 2574 immersa,
630 2481 718 2555 huic
752 2483 915 2555 colorem
943 2483 1096 2556 rubrum
1130 2484 1273 2569 tribuit;
1313 2505 1397 2556 curn

193 2611 300 2701 acido
312 2609 490 2682 sulfurico
503 2614 741 2683 concentrato
758 2610 984 2683 solutionem
1002 2611 1213 2684 decolorem
1226 2612 1395 2706 praebet;
1514 2701 1516 2710 .

193 2757 279 2811 cum
312 2737 419 2808 acido
449 2737 580 2809 nitrico
601 2736 759 2809 contrita
788 2737 950 2810 colorem
979 2738 1200 2826 subflavum,
1229 2761 1276 2812 ne
1306 2761 1392 2812 vero

191 2865 346 2939 rubrum
365 2863 548 2936 exhibeat.
582 2941 586 2954 ,

306 2991 448 3064 Solutio
473 3012 619 3083 aquosa
647 2997 896 3083 concontrata,
926 2993 1052 3065 addito
1081 2992 1179 3065 kalio
1209 2993 1396 3066 chromico

194 3120 329 3212 solut0,
348 3117 633 3212 praecipitatum
653 3119 812 3193 demittit
830 3119 944 3192 rubro
969 3119 1108 3192 flavum
1129 3121 1396 3212 crystallinum,

194 3248 297 3340 quod
326 3247 433 3320 acido
464 3247 640 3320 sulfurico
668 3251 905 3319 concentrato
934 3245 1201 3336 humectatum,
1231 3248 1395 3320 colorem

195 3375 410 3449 caeruleum
430 3375 477 3447 ad
496 3375 704 3448 violaceum
725 3374 837 3446 ducit.
1005 3357 1006 3362 ¹

304 3501 463 3594 Ignitum
483 3503 672 3593 deflagrat,
693 3501 785 3574 nihil
804 3501 942 3574 residui
961 3502 1187 3593 relinquens

427 3833 434 3846 ·
562 3789 760 3927 Styrun
786 3786 1041 3928 liquidus.

307 4011 569 4106 lnquidombar
587 4011 768 4084 orientalis
787 4012 944 4102 Miller,
965 4013 1078 4084 arbor
1097 4011 1209 4085 Asiae
1231 4013 1396 4086 minoris

196 4137 496 4213 Homamclidcac.

305 4267 532 4356 Balsamum,
572 4289 591 4340 e
622 4268 758 4341 cortice
787 4274 1061 4360 praeparatum,
1102 4267 1201 4340 sistit
1230 4290 1397 4340 massam

197 4395 526 4485 tenaci-liquidam,
542 4397 778 4487 glutinosam,
788 4394 827 4466 in
843 4416 941 4486 aqua
957 4396 1236 4488 demergentem
1259 4400 1295 4468 et
1315 4417 1398 4469 curn

196 4522 364 4617 pauxillo
393 4543 513 4614 aquae
551 4524 784 4616 permixtam,
820 4521 1017 4610 turbidam,
1057 4524 1192 4596 coloris
1223 4545 1242 4596 e
1276 4524 1398 4615 griseo

197 4650 456 4737 luscescentis
469 4650 596 4722 odoris
608 4649 816 4742 peculiaris
825 4649 1188 4744 fragrantissaporis
1199 4651 1398 4738 aromatici,

199 4777 525 4849 subamaricantis.
600 4781 602 4787 '

1130 4914 1180 4970 17³²*
