<?xml version="1.0" encoding="UTF-8"?>
<!DOCTYPE html PUBLIC "-//W3C//DTD XHTML 1.0 Transitional//EN"
    "http://www.w3.org/TR/xhtml1/DTD/xhtml1-transitional.dtd">
<html xmlns="http://www.w3.org/1999/xhtml" xml:lang="en" lang="en">
 <head>
  <title>
</title>
<meta http-equiv="Content-Type" content="text/html;charset=utf-8" />
  <meta name='ocr-system' content='tesseract 3.04.00' />
  <meta name='ocr-capabilities' content='ocr_page ocr_carea ocr_par ocr_line ocrx_word'/>
</head>
<body>
  <div class='ocr_page' id='page_1' title='image "./pharmacopoeaaus00unkngoog_0145.png"; bbox 0 0 3574 5454; ppageno 0'>
   <div class='ocr_carea' id='block_1_1' title="bbox 904 535 1144 610">
    <p class='ocr_par' dir='ltr' id='par_1_1' title="bbox 904 535 1144 610">
     <span class='ocr_line' id='line_1_1' title="bbox 904 535 1144 610; baseline 0.008 -1"><span class='ocrx_word' id='word_1_1' title='bbox 904 535 1144 610; x_wconf 70' lang='lat'>-118-</span> 
     </span>
    </p>
   </div>
   <div class='ocr_carea' id='block_1_2' title="bbox 417 755 1617 851">
    <p class='ocr_par' dir='ltr' id='par_1_2' title="bbox 417 755 1617 851">
     <span class='ocr_line' id='line_1_2' title="bbox 417 755 1617 851; baseline 0.005 -25"><span class='ocrx_word' id='word_1_2' title='bbox 417 755 549 846; x_wconf 83' lang='lat' dir='ltr'>glabra</span> <span class='ocrx_word' id='word_1_3' title='bbox 577 761 642 829; x_wconf 88' lang='lat' dir='ltr'>aut</span> <span class='ocrx_word' id='word_1_4' title='bbox 670 755 813 846; x_wconf 85' lang='lat' dir='ltr'>villosa,</span> <span class='ocrx_word' id='word_1_5' title='bbox 844 757 1077 848; x_wconf 82' lang='lat' dir='ltr'>glandulosa,</span> <span class='ocrx_word' id='word_1_6' title='bbox 1111 757 1237 832; x_wconf 90' lang='lat' dir='ltr'>odoris</span> <span class='ocrx_word' id='word_1_7' title='bbox 1271 763 1377 850; x_wconf 82' lang='lat' dir='ltr'>grate</span> <span class='ocrx_word' id='word_1_8' title='bbox 1416 759 1617 851; x_wconf 79' lang='lat' dir='ltr'>aromatici,</span> 
     </span>
    </p>
   </div>
   <div class='ocr_carea' id='block_1_3' title="bbox 416 882 1618 1085">
    <p class='ocr_par' dir='ltr' id='par_1_3' title="bbox 416 882 1618 1085">
     <span class='ocr_line' id='line_1_3' title="bbox 417 882 1618 980; baseline 0.006 -26"><span class='ocrx_word' id='word_1_9' title='bbox 417 882 489 955; x_wconf 90' lang='lat' dir='ltr'>sub</span> <span class='ocrx_word' id='word_1_10' title='bbox 511 888 679 976; x_wconf 88' lang='lat' dir='ltr'>tempore</span> <span class='ocrx_word' id='word_1_11' title='bbox 698 884 955 959; x_wconf 85' lang='lat' dir='ltr'>florescentiaa</span> <span class='ocrx_word' id='word_1_12' title='bbox 985 885 1139 959; x_wconf 88' lang='lat' dir='ltr'>collecta</span> <span class='ocrx_word' id='word_1_13' title='bbox 1167 892 1204 959; x_wconf 87' lang='lat' dir='ltr'>et</span> <span class='ocrx_word' id='word_1_14' title='bbox 1232 886 1383 976; x_wconf 88' lang='lat' dir='ltr'>siccata,</span> <span class='ocrx_word' id='word_1_15' title='bbox 1414 889 1618 980; x_wconf 80' lang='lat' dir='ltr'>quotannis</span> 
     </span>
     <span class='ocr_line' id='line_1_4' title="bbox 416 1010 646 1085; baseline 0.017 -4"><span class='ocrx_word' id='word_1_16' title='bbox 416 1010 646 1085; x_wconf 88' lang='lat' dir='ltr'>renovanda.</span> 
     </span>
    </p>
   </div>
   <div class='ocr_carea' id='block_1_4' title="bbox 417 1139 1616 1340">
    <p class='ocr_par' dir='ltr' id='par_1_4' title="bbox 417 1139 1616 1340">
     <span class='ocr_line' id='line_1_5' title="bbox 526 1139 1616 1239; baseline 0.005 -30"><span class='ocrx_word' id='word_1_17' title='bbox 526 1139 632 1234; x_wconf 82' lang='lat' dir='ltr'><strong><em>Aqua</em></strong></span> <span class='ocrx_word' id='word_1_18' title='bbox 651 1141 842 1212; x_wconf 83' lang='lat' dir='ltr'>aromatica</span> <span class='ocrx_word' id='word_1_19' title='bbox 863 1141 1069 1236; x_wconf 78' lang='lat' dir='ltr'>spiritrmsa.</span> <span class='ocrx_word' id='word_1_20' title='bbox 1093 1142 1197 1237; x_wconf 82' lang='lat' dir='ltr'>Aqua</span> <span class='ocrx_word' id='word_1_21' title='bbox 1216 1142 1458 1215; x_wconf 82' lang='lat' dir='ltr'>carminatiaa.</span> <span class='ocrx_word' id='word_1_22' title='bbox 1481 1140 1616 1239; x_wconf 77' lang='lat' dir='ltr'><strong><em>Species</em></strong></span> 
     </span>
     <span class='ocr_line' id='line_1_6' title="bbox 417 1269 635 1340; baseline -0.009 0"><span class='ocrx_word' id='word_1_23' title='bbox 417 1269 635 1340; x_wconf 73' lang='lat' dir='ltr'><strong><em>aromaticae.</em></strong></span> 
     </span>
    </p>
   </div>
   <div class='ocr_carea' id='block_1_5' title="bbox 643 1768 1389 1916">
    <p class='ocr_par' dir='ltr' id='par_1_5' title="bbox 643 1768 1389 1936">
     <span class='ocr_line' id='line_1_7' title="bbox 643 1768 1389 1916; baseline 0.003 -37"><span class='ocrx_word' id='word_1_24' title='bbox 643 1768 794 1879; x_wconf 76' lang='lat' dir='ltr'>ltalia</span> <span class='ocrx_word' id='word_1_25' title='bbox 817 1770 1076 1881; x_wconf 85' lang='lat' dir='ltr'>Mantbac</span> <span class='ocrx_word' id='word_1_26' title='bbox 1102 1773 1389 1916; x_wconf 88' lang='lat' dir='ltr'>pipcritae.</span> 
     </span>
    </p>
   </div>
   <div class='ocr_carea' id='block_1_6' title="bbox 410 2047 1618 4800">
    <p class='ocr_par' dir='ltr' id='par_1_6' title="bbox 416 2047 1617 2251">
     <span class='ocr_line' id='line_1_8' title="bbox 526 2047 1617 2145; baseline 0.001 -23"><span class='ocrx_word' id='word_1_27' title='bbox 526 2047 665 2122; x_wconf 73' lang='lat' dir='ltr'>Mentha</span> <span class='ocrx_word' id='word_1_28' title='bbox 691 2049 847 2144; x_wconf 70' lang='lat' dir='ltr'>peperita</span> <span class='ocrx_word' id='word_1_29' title='bbox 876 2049 1007 2139; x_wconf 76' lang='lat' dir='ltr'>Linn,</span> <span class='ocrx_word' id='word_1_30' title='bbox 1041 2052 1170 2144; x_wconf 85' lang='lat' dir='ltr'>planta</span> <span class='ocrx_word' id='word_1_31' title='bbox 1197 2051 1374 2144; x_wconf 87' lang='lat' dir='ltr'>perennis</span> <span class='ocrx_word' id='word_1_32' title='bbox 1397 2052 1540 2145; x_wconf 88' lang='lat' dir='ltr'>passim</span> <span class='ocrx_word' id='word_1_33' title='bbox 1577 2059 1617 2123; x_wconf 86' lang='lat' dir='ltr'>in</span> 
     </span>
     <span class='ocr_line' id='line_1_9' title="bbox 416 2174 866 2251; baseline 0.002 -2"><span class='ocrx_word' id='word_1_34' title='bbox 416 2177 535 2250; x_wconf 89' lang='lat' dir='ltr'>hortis</span> <span class='ocrx_word' id='word_1_35' title='bbox 555 2178 663 2251; x_wconf 89' lang='lat' dir='ltr'>culta.</span> <span class='ocrx_word' id='word_1_36' title='bbox 685 2174 866 2250; x_wconf 81' lang='lat' dir='ltr'>Labiatac.</span> 
     </span>
    </p>

    <p class='ocr_par' dir='ltr' id='par_1_7' title="bbox 415 2305 1618 3396">
     <span class='ocr_line' id='line_1_10' title="bbox 526 2305 1618 2398; baseline 0.003 -22"><span class='ocrx_word' id='word_1_37' title='bbox 526 2305 629 2377; x_wconf 74' lang='lat' dir='ltr'>Folia</span> <span class='ocrx_word' id='word_1_38' title='bbox 654 2305 843 2398; x_wconf 87' lang='lat' dir='ltr'>petiolata,</span> <span class='ocrx_word' id='word_1_39' title='bbox 872 2307 1011 2398; x_wconf 89' lang='lat' dir='ltr'>petiolo</span> <span class='ocrx_word' id='word_1_40' title='bbox 1040 2312 1125 2380; x_wconf 91' lang='lat' dir='ltr'>octo</span> <span class='ocrx_word' id='word_1_41' title='bbox 1160 2306 1208 2379; x_wconf 87' lang='lat' dir='ltr'>ad</span> <span class='ocrx_word' id='word_1_42' title='bbox 1242 2307 1373 2379; x_wconf 87' lang='lat' dir='ltr'>decem</span> <span class='ocrx_word' id='word_1_43' title='bbox 1405 2306 1618 2380; x_wconf 85' lang='lat' dir='ltr'>millimetra</span> 
     </span>
     <span class='ocr_line' id='line_1_11' title="bbox 415 2417 1614 2525; baseline 0.003 -23"><span class='ocrx_word' id='word_1_44' title='bbox 415 2431 541 2522; x_wconf 86' lang='lat' dir='ltr'>tong0,</span> <span class='ocrx_word' id='word_1_45' title='bbox 553 2434 914 2524; x_wconf 85' lang='lat' dir='ltr'>ovato-oblongavel</span> <span class='ocrx_word' id='word_1_46' title='bbox 934 2417 1335 2525; x_wconf 72' lang='lat' dir='ltr'>oblongo-lanceolata,</span> <span class='ocrx_word' id='word_1_47' title='bbox 1348 2426 1564 2523; x_wconf 76' lang='lat' dir='ltr'>adutabasi</span> <span class='ocrx_word' id='word_1_48' title='bbox 1574 2433 1614 2505; x_wconf 94' lang='lat' dir='ltr'>in</span> 
     </span>
     <span class='ocr_line' id='line_1_12' title="bbox 416 2558 1615 2654; baseline 0.001 -23"><span class='ocrx_word' id='word_1_49' title='bbox 416 2558 597 2650; x_wconf 86' lang='lat' dir='ltr'>petiolum</span> <span class='ocrx_word' id='word_1_50' title='bbox 617 2565 820 2649; x_wconf 88' lang='lat' dir='ltr'>contracta,</span> <span class='ocrx_word' id='word_1_51' title='bbox 850 2560 1096 2652; x_wconf 78' lang='lat' dir='ltr'>inaequaliter</span> <span class='ocrx_word' id='word_1_52' title='bbox 1116 2568 1244 2654; x_wconf 84' lang='lat' dir='ltr'>argute</span> <span class='ocrx_word' id='word_1_53' title='bbox 1264 2567 1420 2649; x_wconf 88' lang='lat' dir='ltr'>serrata,</span> <span class='ocrx_word' id='word_1_54' title='bbox 1450 2581 1615 2652; x_wconf 85' lang='lat' dir='ltr'>superne</span> 
     </span>
     <span class='ocr_line' id='line_1_13' title="bbox 416 2664 1616 2781; baseline 0.003 -25"><span class='ocrx_word' id='word_1_55' title='bbox 416 2689 584 2760; x_wconf 79' lang='lat' dir='ltr'>saturato</span> <span class='ocrx_word' id='word_1_56' title='bbox 603 2687 747 2776; x_wconf 88' lang='lat' dir='ltr'>viridia,</span> <span class='ocrx_word' id='word_1_57' title='bbox 767 2688 901 2761; x_wconf 81' lang='lat' dir='ltr'><strong>subtus</strong></span> <span class='ocrx_word' id='word_1_58' title='bbox 917 2664 1123 2780; x_wconf 85' lang='lat' dir='ltr'>pallidioia,</span> <span class='ocrx_word' id='word_1_59' title='bbox 1143 2691 1183 2761; x_wconf 89' lang='lat' dir='ltr'>in</span> <span class='ocrx_word' id='word_1_60' title='bbox 1198 2694 1355 2781; x_wconf 84' lang='lat' dir='ltr'>utraque</span> <span class='ocrx_word' id='word_1_61' title='bbox 1370 2693 1475 2781; x_wconf 84' lang='lat' dir='ltr'>parte</span> <span class='ocrx_word' id='word_1_62' title='bbox 1487 2687 1616 2780; x_wconf 80' lang='lat' dir='ltr'>glabra</span> 
     </span>
     <span class='ocr_line' id='line_1_14' title="bbox 416 2812 1613 2909; baseline 0.003 -25"><span class='ocrx_word' id='word_1_63' title='bbox 416 2812 476 2885; x_wconf 89' lang='lat' dir='ltr'>vel</span> <span class='ocrx_word' id='word_1_64' title='bbox 490 2813 730 2888; x_wconf 84' lang='lat' dir='ltr'>solummodo</span> <span class='ocrx_word' id='word_1_65' title='bbox 746 2817 794 2888; x_wconf 88' lang='lat' dir='ltr'>ad</span> <span class='ocrx_word' id='word_1_66' title='bbox 808 2837 945 2890; x_wconf 87' lang='lat' dir='ltr'>nervos</span> <span class='ocrx_word' id='word_1_67' title='bbox 961 2817 1215 2909; x_wconf 83' lang='lat' dir='ltr'>pubescentia,</span> <span class='ocrx_word' id='word_1_68' title='bbox 1232 2816 1466 2908; x_wconf 84' lang='lat' dir='ltr'>glandulosa,</span> <span class='ocrx_word' id='word_1_69' title='bbox 1488 2815 1613 2888; x_wconf 83' lang='lat' dir='ltr'>nervis</span> 
     </span>
     <span class='ocr_line' id='line_1_15' title="bbox 416 2941 1613 3036; baseline 0.001 -23"><span class='ocrx_word' id='word_1_70' title='bbox 416 2941 648 3015; x_wconf 84' lang='lat' dir='ltr'>secundariis</span> <span class='ocrx_word' id='word_1_71' title='bbox 664 2943 839 3032; x_wconf 85' lang='lat' dir='ltr'>arcuatis,</span> <span class='ocrx_word' id='word_1_72' title='bbox 860 2945 986 3018; x_wconf 91' lang='lat' dir='ltr'>odoris</span> <span class='ocrx_word' id='word_1_73' title='bbox 1002 2943 1212 3036; x_wconf 84' lang='lat' dir='ltr'>fragrantis,</span> <span class='ocrx_word' id='word_1_74' title='bbox 1232 2943 1431 3016; x_wconf 85' lang='lat' dir='ltr'>masticata</span> <span class='ocrx_word' id='word_1_75' title='bbox 1448 2943 1613 3035; x_wconf 89' lang='lat' dir='ltr'>primum</span> 
     </span>
     <span class='ocr_line' id='line_1_16' title="bbox 417 3068 1611 3162; baseline 0.002 -22"><span class='ocrx_word' id='word_1_76' title='bbox 417 3068 562 3157; x_wconf 88' lang='lat' dir='ltr'>caloris,</span> <span class='ocrx_word' id='word_1_77' title='bbox 580 3069 666 3142; x_wconf 90' lang='lat' dir='ltr'>dein</span> <span class='ocrx_word' id='word_1_78' title='bbox 681 3071 827 3162; x_wconf 83' lang='lat' dir='ltr'>frigoris</span> <span class='ocrx_word' id='word_1_79' title='bbox 842 3091 997 3144; x_wconf 87' lang='lat' dir='ltr'>sensum</span> <span class='ocrx_word' id='word_1_80' title='bbox 1017 3072 1056 3144; x_wconf 90' lang='lat' dir='ltr'>in</span> <span class='ocrx_word' id='word_1_81' title='bbox 1076 3094 1140 3144; x_wconf 87' lang='lat' dir='ltr'>ore</span> <span class='ocrx_word' id='word_1_82' title='bbox 1156 3076 1192 3144; x_wconf 91' lang='lat' dir='ltr'>et</span> <span class='ocrx_word' id='word_1_83' title='bbox 1209 3072 1380 3145; x_wconf 88' lang='lat' dir='ltr'>faucibus</span> <span class='ocrx_word' id='word_1_84' title='bbox 1401 3071 1611 3159; x_wconf 87' lang='lat' dir='ltr'>excitantia,</span> 
     </span>
     <span class='ocr_line' id='line_1_17' title="bbox 417 3196 1613 3291; baseline 0.001 -23"><span class='ocrx_word' id='word_1_85' title='bbox 417 3216 436 3268; x_wconf 89' lang='lat' dir='ltr'>e</span> <span class='ocrx_word' id='word_1_86' title='bbox 463 3196 576 3289; x_wconf 90' lang='lat' dir='ltr'>stirpe</span> <span class='ocrx_word' id='word_1_87' title='bbox 597 3198 814 3271; x_wconf 84' lang='lat' dir='ltr'>florescente</span> <span class='ocrx_word' id='word_1_88' title='bbox 836 3199 1021 3291; x_wconf 74' lang='lat' dir='ltr'>(tecerpta,</span> <span class='ocrx_word' id='word_1_89' title='bbox 1043 3199 1221 3272; x_wconf 87' lang='lat' dir='ltr'>siccanda</span> <span class='ocrx_word' id='word_1_90' title='bbox 1247 3220 1317 3271; x_wconf 90' lang='lat' dir='ltr'>nec</span> <span class='ocrx_word' id='word_1_91' title='bbox 1346 3199 1441 3271; x_wconf 87' lang='lat' dir='ltr'>ultra</span> <span class='ocrx_word' id='word_1_92' title='bbox 1470 3218 1613 3270; x_wconf 90' lang='lat' dir='ltr'>annum</span> 
     </span>
     <span class='ocr_line' id='line_1_18' title="bbox 415 3323 614 3396; baseline 0.005 -1"><span class='ocrx_word' id='word_1_93' title='bbox 415 3323 614 3396; x_wconf 84' lang='lat' dir='ltr'>servanda.</span> 
     </span>
    </p>

    <p class='ocr_par' dir='ltr' id='par_1_8' title="bbox 412 3450 1614 4568">
     <span class='ocr_line' id='line_1_19' title="bbox 522 3450 1613 3546; baseline 0.003 -24"><span class='ocrx_word' id='word_1_94' title='bbox 522 3450 554 3522; x_wconf 93' lang='lat' dir='ltr'>N</span> <span class='ocrx_word' id='word_1_95' title='bbox 557 3473 576 3523; x_wconf 87' lang='lat' dir='ltr'>e</span> <span class='ocrx_word' id='word_1_96' title='bbox 596 3453 873 3525; x_wconf 80' lang='lat' dir='ltr'>confundantur</span> <span class='ocrx_word' id='word_1_97' title='bbox 901 3453 997 3527; x_wconf 85' lang='lat' dir='ltr'>foliis</span> <span class='ocrx_word' id='word_1_98' title='bbox 1027 3453 1185 3526; x_wconf 87' lang='lat' dir='ltr'>aliarum</span> <span class='ocrx_word' id='word_1_99' title='bbox 1203 3453 1377 3527; x_wconf 88' lang='lat' dir='ltr'>Menthae</span> <span class='ocrx_word' id='word_1_100' title='bbox 1402 3452 1613 3546; x_wconf 84' lang='lat' dir='ltr'>specierum</span> 
     </span>
     <span class='ocr_line' id='line_1_20' title="bbox 417 3578 1613 3672; baseline 0.002 -22"><span class='ocrx_word' id='word_1_101' title='bbox 417 3579 518 3670; x_wconf 87' lang='lat' dir='ltr'>apud</span> <span class='ocrx_word' id='word_1_102' title='bbox 534 3599 605 3652; x_wconf 90' lang='lat' dir='ltr'>nos</span> <span class='ocrx_word' id='word_1_103' title='bbox 620 3578 883 3672; x_wconf 81' lang='lat' dir='ltr'>indigenarum</span> <span class='ocrx_word' id='word_1_104' title='bbox 898 3584 963 3653; x_wconf 90' lang='lat' dir='ltr'>aut</span> <span class='ocrx_word' id='word_1_105' title='bbox 978 3580 1016 3652; x_wconf 92' lang='lat' dir='ltr'>in</span> <span class='ocrx_word' id='word_1_106' title='bbox 1027 3581 1145 3653; x_wconf 90' lang='lat' dir='ltr'>hortis</span> <span class='ocrx_word' id='word_1_107' title='bbox 1162 3581 1345 3655; x_wconf 87' lang='lat' dir='ltr'>cultarum</span> <span class='ocrx_word' id='word_1_108' title='bbox 1355 3581 1465 3672; x_wconf 84' lang='lat' dir='ltr'>longe</span> <span class='ocrx_word' id='word_1_109' title='bbox 1476 3579 1613 3652; x_wconf 87' lang='lat' dir='ltr'>diversi</span> 
     </span>
     <span class='ocr_line' id='line_1_21' title="bbox 417 3706 1612 3798; baseline 0.003 -21"><span class='ocrx_word' id='word_1_110' title='bbox 417 3707 544 3779; x_wconf 89' lang='lat' dir='ltr'>odoris</span> <span class='ocrx_word' id='word_1_111' title='bbox 559 3711 596 3779; x_wconf 89' lang='lat' dir='ltr'>et</span> <span class='ocrx_word' id='word_1_112' title='bbox 611 3706 768 3798; x_wconf 90' lang='lat' dir='ltr'>saporis,</span> <span class='ocrx_word' id='word_1_113' title='bbox 785 3712 827 3779; x_wconf 92' lang='lat' dir='ltr'>ut</span> <span class='ocrx_word' id='word_1_114' title='bbox 840 3707 938 3780; x_wconf 90' lang='lat' dir='ltr'>soliis</span> <span class='ocrx_word' id='word_1_115' title='bbox 955 3709 1150 3782; x_wconf 86' lang='lat' dir='ltr'>sessilibus</span> <span class='ocrx_word' id='word_1_116' title='bbox 1167 3713 1232 3782; x_wconf 88' lang='lat' dir='ltr'>aut</span> <span class='ocrx_word' id='word_1_117' title='bbox 1248 3707 1527 3797; x_wconf 83' lang='lat' dir='ltr'>subsessitibus,</span> <span class='ocrx_word' id='word_1_118' title='bbox 1546 3729 1612 3780; x_wconf 89' lang='lat' dir='ltr'>no-</span> 
     </span>
     <span class='ocr_line' id='line_1_22' title="bbox 415 3833 1613 3932; baseline 0.002 -26"><span class='ocrx_word' id='word_1_119' title='bbox 415 3834 574 3907; x_wconf 88' lang='lat' dir='ltr'>tabiliter</span> <span class='ocrx_word' id='word_1_120' title='bbox 594 3835 689 3908; x_wconf 86' lang='lat' dir='ltr'>laete</span> <span class='ocrx_word' id='word_1_121' title='bbox 707 3834 886 3907; x_wconf 87' lang='lat' dir='ltr'>viridibus</span> <span class='ocrx_word' id='word_1_122' title='bbox 906 3833 1063 3907; x_wconf 71' lang='lat' dir='ltr'>Marthae</span> <span class='ocrx_word' id='word_1_123' title='bbox 1081 3836 1210 3908; x_wconf 80' lang='lat' dir='ltr'>atridis</span> <span class='ocrx_word' id='word_1_124' title='bbox 1235 3836 1403 3932; x_wconf 74' lang='lat' dir='ltr'>(Lina),</span> <span class='ocrx_word' id='word_1_125' title='bbox 1432 3841 1497 3908; x_wconf 85' lang='lat' dir='ltr'>aut</span> <span class='ocrx_word' id='word_1_126' title='bbox 1514 3835 1613 3908; x_wconf 85' lang='lat' dir='ltr'>foliis</span> 
     </span>
     <span class='ocr_line' id='line_1_23' title="bbox 413 3961 1614 4088; baseline 0.002 -54"><span class='ocrx_word' id='word_1_127' title='bbox 413 3961 619 4052; x_wconf 77' lang='lat' dir='ltr'>sessilibus</span> <span class='ocrx_word' id='word_1_128' title='bbox 664 3964 798 4036; x_wconf 90' lang='lat' dir='ltr'>subtus</span> <span class='ocrx_word' id='word_1_129' title='bbox 836 3962 1019 4055; x_wconf 91' lang='lat' dir='ltr'>imprimis</span> <span class='ocrx_word' id='word_1_130' title='bbox 1046 3963 1426 4088; x_wconf 68' lang='lat' dir='ltr'>albida-tomentosis</span> <span class='ocrx_word' id='word_1_131' title='bbox 1458 3961 1614 4036; x_wconf 64' lang='lat' dir='ltr'>Mentha</span> 
     </span>
     <span class='ocr_line' id='line_1_24' title="bbox 413 4089 1612 4183; baseline 0.002 -21"><span class='ocrx_word' id='word_1_132' title='bbox 413 4089 583 4162; x_wconf 81' lang='lat' dir='ltr'>silvestris</span> <span class='ocrx_word' id='word_1_133' title='bbox 604 4089 768 4181; x_wconf 80' lang='lat' dir='ltr'>(Linn.),</span> <span class='ocrx_word' id='word_1_134' title='bbox 788 4095 854 4163; x_wconf 87' lang='lat' dir='ltr'>aut</span> <span class='ocrx_word' id='word_1_135' title='bbox 867 4089 966 4163; x_wconf 86' lang='lat' dir='ltr'>foliis</span> <span class='ocrx_word' id='word_1_136' title='bbox 981 4090 1169 4183; x_wconf 89' lang='lat' dir='ltr'>petiolatis</span> <span class='ocrx_word' id='word_1_137' title='bbox 1185 4090 1367 4183; x_wconf 81' lang='lat' dir='ltr'>oblongis,</span> <span class='ocrx_word' id='word_1_138' title='bbox 1382 4090 1421 4163; x_wconf 95' lang='lat' dir='ltr'>in</span> <span class='ocrx_word' id='word_1_139' title='bbox 1431 4091 1612 4183; x_wconf 90' lang='lat' dir='ltr'>petiolum</span> 
     </span>
     <span class='ocr_line' id='line_1_25' title="bbox 414 4216 1611 4310; baseline 0.003 -22"><span class='ocrx_word' id='word_1_140' title='bbox 414 4216 680 4306; x_wconf 69' lang='lat' dir='ltr'>desinentibus</span> <span class='ocrx_word' id='word_1_141' title='bbox 710 4239 826 4310; x_wconf 89' lang='lat' dir='ltr'>supra</span> <span class='ocrx_word' id='word_1_142' title='bbox 857 4217 1023 4290; x_wconf 88' lang='lat' dir='ltr'>medium</span> <span class='ocrx_word' id='word_1_143' title='bbox 1056 4219 1218 4309; x_wconf 71' lang='lat' dir='ltr'>serratis</span> <span class='ocrx_word' id='word_1_144' title='bbox 1251 4219 1427 4292; x_wconf 91' lang='lat' dir='ltr'>minutim</span> <span class='ocrx_word' id='word_1_145' title='bbox 1465 4217 1611 4309; x_wconf 78' lang='lat' dir='ltr'>citatis,</span> 
     </span>
     <span class='ocr_line' id='line_1_26' title="bbox 415 4344 1613 4437; baseline -0.001 -20"><span class='ocrx_word' id='word_1_146' title='bbox 415 4344 549 4417; x_wconf 89' lang='lat' dir='ltr'>subtus</span> <span class='ocrx_word' id='word_1_147' title='bbox 577 4345 662 4436; x_wconf 88' lang='lat' dir='ltr'>pilis</span> <span class='ocrx_word' id='word_1_148' title='bbox 681 4345 928 4437; x_wconf 87' lang='lat' dir='ltr'>longiusculis</span> <span class='ocrx_word' id='word_1_149' title='bbox 949 4347 1244 4436; x_wconf 89' lang='lat' dir='ltr'>canescentibus,</span> <span class='ocrx_word' id='word_1_150' title='bbox 1268 4347 1498 4420; x_wconf 88' lang='lat' dir='ltr'>tenuioribus</span> <span class='ocrx_word' id='word_1_151' title='bbox 1518 4344 1613 4419; x_wconf 83' lang='lat' dir='ltr'>Mea·</span> 
     </span>
     <span class='ocr_line' id='line_1_27' title="bbox 412 4470 827 4568; baseline 0.01 -26"><span class='ocrx_word' id='word_1_152' title='bbox 412 4470 489 4544; x_wconf 78' lang='lat' dir='ltr'>thar</span> <span class='ocrx_word' id='word_1_153' title='bbox 505 4472 642 4568; x_wconf 71' lang='lat' dir='ltr'>pectilia</span> <span class='ocrx_word' id='word_1_154' title='bbox 663 4473 827 4565; x_wconf 75' lang='lat' dir='ltr'>(Lina).</span> 
     </span>
    </p>

    <p class='ocr_par' dir='ltr' id='par_1_9' title="bbox 410 4597 1611 4800">
     <span class='ocr_line' id='line_1_28' title="bbox 520 4597 1611 4698; baseline 0.002 -28"><span class='ocrx_word' id='word_1_155' title='bbox 520 4598 634 4695; x_wconf 81' lang='lat' dir='ltr'>Aqua.</span> <span class='ocrx_word' id='word_1_156' title='bbox 648 4597 817 4694; x_wconf 78' lang='lat' dir='ltr'>Spiritus.</span> <span class='ocrx_word' id='word_1_157' title='bbox 830 4599 1003 4698; x_wconf 79' lang='lat' dir='ltr'>Syrapua</span> <span class='ocrx_word' id='word_1_158' title='bbox 1016 4602 1158 4673; x_wconf 82' lang='lat' dir='ltr'>Acetum</span> <span class='ocrx_word' id='word_1_159' title='bbox 1174 4610 1204 4675; x_wconf 86' lang='lat' dir='ltr'>at</span> <span class='ocrx_word' id='word_1_160' title='bbox 1218 4601 1457 4674; x_wconf 82' lang='lat' dir='ltr'>Electuariam</span> <span class='ocrx_word' id='word_1_161' title='bbox 1472 4624 1611 4674; x_wconf 84' lang='lat' dir='ltr'>aroma·</span> 
     </span>
     <span class='ocr_line' id='line_1_29' title="bbox 410 4727 527 4800; baseline 0.034 -4"><span class='ocrx_word' id='word_1_162' title='bbox 410 4727 527 4800; x_wconf 81' lang='lat' dir='ltr'>ticam.</span> 
     </span>
    </p>
   </div>
   <div class='ocr_carea' id='block_1_7' title="bbox 0 0 1792 5454">
    <p class='ocr_par' dir='ltr' id='par_1_10' title="bbox 0 0 1792 5454">
     <span class='ocr_line' id='line_1_30' title="bbox 0 0 1792 5454; baseline 0 2"><span class='ocrx_word' id='word_1_163' title='bbox 0 0 1792 5454; x_wconf 95' lang='lat' dir='ltr'> </span> 
     </span>
    </p>
   </div>
  </div>
 </body>
</html>
