3502 5454
249 990 376 1062 Massa
394 995 526 1077 terrea,
547 988 641 1076 alba,
661 985 910 1078 impellucida,
930 982 1096 1071 friabilis
1126 981 1341 1054 humectata

142 1120 338 1206 subtenax‚
363 1117 402 1190 in
423 1138 523 1209 aqua
541 1115 682 1188 sensim
701 1115 740 1188 in
754 1115 948 1207 pulverem
969 1111 1139 1185 dilabens
1158 1129 1228 1180 nec
1250 1129 1339 1182 vero

140 1247 318 1319 solubilis

252 1374 370 1448 Acido
401 1372 688 1466 hydrochlorico
716 1372 917 1462 superfuso
941 1392 989 1443 ne
1010 1371 1226 1443 effervescat
1246 1388 1341 1440 neve

142 1524 240 1594 aqua
261 1507 465 1595 expurgata
486 1523 642 1575 arenam
661 1501 858 1593 relinquat.

521 1876 726 1986 Bulbus
753 1874 966 1992 Scillue.

250 2101 357 2176 Scilla
375 2105 556 2174 maritima
584 2101 730 2190 Linu,
760 2102 890 2194 planta
910 2101 1073 2172 bulbosa
1100 2099 1139 2172 in
1166 2097 1339 2171 litoribus

139 2231 311 2325 Europae
331 2230 624 2304 mediterraneae
644 2231 833 2322 frequens.
853 2226 1037 2301 Diliaceaa

250 2376 416 2450 Tunicae
433 2375 536 2449 bulbi
550 2376 721 2464 recentis
737 2380 918 2448 autumno
934 2375 1087 2464 collecti,
1098 2370 1339 2446 intermediae

140 2504 278 2597 pallide
324 2505 576 2596 rubiginosae,
615 2525 811 2592 carnosae,
850 2501 1340 2593 viscoso-mucilaginosae,

140 2632 287 2724 reJeotis
318 2632 466 2706 extimis
495 2633 622 2722 aridis,
643 2632 860 2720 chartaceis
881 2630 1132 2704 rubro-fuscis
1152 2649 1270 2720 aeque
1297 2647 1339 2698 ac

141 2759 310 2847 internis,
324 2759 539 2851 placentam
555 2758 818 2848 ambientibus
835 2758 1021 2846 concisae,
1034 2756 1167 2829 sedulo
1178 2754 1338 2828 siccatae

140 2888 384 2974 subcomeae‚
427 2887 590 2978 fragiles
640 2885 864 2978 diaphanae,
907 2883 1147 2973 rubicundae,
1191 2882 1338 2976 saporis

141 3013 332 3104 nauseosi,
353 3013 625 3106 mucilaginosi,
646 3013 741 3086 acris
762 3017 799 3086 et
817 3011 1014 3106 peramari.

250 3139 366 3214 Caute
394 3145 592 3214 serventur
624 3141 663 3212 in
695 3140 797 3213 vasis
824 3143 953 3212 exacte
983 3138 1122 3210 clausis
1153 3143 1190 3210 et
1217 3135 1339 3230 pulvis

141 3267 276 3341 eoloris
296 3266 395 3340 rosei
413 3271 479 3340 aut
498 3267 622 3342 carnei
642 3266 791 3339 nonnisi
806 3265 943 3357 exigua
958 3265 1164 3357 quantitate
1179 3269 1351 3357 paratus¹

139 3399 296 3490 prostat.

251 3541 402 3614 Acetum.
432 3540 647 3615 Exta-actum.

287 3898 525 4009 dulcium
554 3900 903 4008 curbonicum
930 3899 1192 4014 nativum.

618 4126 739 4208 Creta
762 4129 864 4206 alba.

250 4324 417 4417 Eligatur
445 4323 639 4398 albissima
666 4344 743 4396 non
772 4322 926 4395 nimiam
954 4329 1076 4396 terrae
1105 4323 1253 4396 siliceae
1282 4323 1340 4395 vel

141 4452 328 4524 aluminae
359 4452 546 4525 admixtae
572 4453 721 4544 copiam
739 4456 885 4524 tenens.
915 4451 1032 4523 Anido
1053 4450 1338 4542 hydrochlorico

141 4579 213 4651 sub
234 4579 515 4652 effervescentia
533 4581 608 4653 fere
629 4603 675 4653 ex
694 4584 774 4652 toto
795 4580 975 4653 solvatur.

258 4723 474 4820 Unqcentum
492 4726 716 4818 sulfuratum.
