3574 5454
659 535 871 609 ..95-

383 859 696 966 llxtroctum
722 858 939 966 Molotis
968 857 1135 964 llcrri.

484 1088 726 1166 Extractum
750 1086 862 1164 Ferri
886 1085 1050 1188 pomati.

29 1385 30 1398 .
167 1283 271 1374 ltpe:
302 1279 491 1358 lotorum
512 1279 737 1358 nidulorum
758 1284 980 1358 naturam
1000 1283 1232 1356 conlusorem

706 1414 942 1505 praetaxatum
964 1407 1036 1480 trio
1057 1407 1169 1478 cirillia
1259 1411 1363 1481 3000

271 1535 398 1629 Coqua
420 1559 506 1610 cum

299 1662 421 1763 itque
442 1662 650 1741 destillrtae
706 1664 896 1758 sufficiente
916 1664 1108 1760 puerilitate

162 1813 229 1880 per
250 1792 500 1883 quadrantem
520 1793 646 1882 horae,
671 1793 757 1866 dein
777 1792 894 1864 misce
917 1813 1001 1864 curn

301 1917 400 1996 rent
421 1918 601 2021 pulverati
670 1921 840 2017 promotis
859 1919 1064 2016 quinqodis.
1287 1920 1364 1990 500

270 2048 403 2139 Digere
452 2050 606 2142 saepius
647 2049 825 2140 agitando
865 2053 902 2120 el
940 2069 1078 2140 aquam
1122 2051 1364 2140 evaporatam

163 2176 395 2248 restituendo
417 2176 455 2248 in
475 2177 558 2249 loco
579 2177 703 2270 tepido
723 2198 790 2269 per
811 2176 1231 2268 aliquothebdomadas,
1245 2175 1364 2247 donec

159 2303 198 2375 in
236 2325 406 2376 massam
444 2305 589 2395 nigram
631 2303 854 2392 transierint,
904 2325 1018 2395 quam
1060 2303 1208 2376 sacculo
1247 2303 1362 2374 linteo

159 2432 343 2504 inclusam
365 2433 541 2524 exprime.

268 2559 468 2651 Liquorem
490 2559 724 2632 subsidendo
746 2561 970 2652 depuratum
992 2560 1089 2632 liltra
1109 2563 1146 2632 et
1165 2559 1202 2630 in
1221 2558 1357 2631 balneo

161 2709 289 2778 aquae
311 2686 358 2758 ad
379 2686 531 2759 extracti
551 2686 663 2778 spissi
683 2687 963 2760 consistentiam
981 2687 1118 2778 redige.

272 2811 444 2884 Tinclura
463 2813 612 2884 Malalis
631 2813 743 2885 Ferri.

375 3213 887 3323 murenarum
930 3209 1137 3348 oper.

155 3432 254 3523 Rpc:
294 3427 373 3530 (ipll
393 3429 577 3531 pulveral!
700 3439 899 3528 qrcnrmola
920 3438 1049 3502 <rentum
1283 3433 1356 3504 100

295 3556 417 3658 Aquae
433 3555 643 3635 destinatae
700 3565 900 3655 praeamata
920 3558 1119 3654 oclinqcntc.
1279 3561 1356 3631 800

266 3686 415 3759 Macera
430 3686 584 3778 saepius
605 3685 897 3778 conquassando
917 3707 985 3779 per
1005 3687 1255 3778 quadraginta
1270 3690 1355 3759 octo

157 3812 283 3902 horas,
303 3813 488 3906 liquorem
508 3814 593 3887 dein
615 3813 776 3886 deiunde
797 3819 833 3887 et
852 3814 1005 3887 residuo
1021 3814 1162 3886 fortiter
1178 3835 1356 3906 expresso

154 3940 252 4014 adde

293 4065 415 4169 lique
436 4065 645 4145 destillans
699 4074 899 4165 praenotata
919 4068 1185 4166 quadrinqenlo.
1278 4070 1357 4142 400

268 4195 361 4268 Post
399 4196 569 4269 iteratam
602 4217 669 4290 per
699 4196 826 4288 viginti
862 4202 1023 4289 quatuor
1055 4195 1170 4270 horas
1189 4218 1356 4271 macera-

152 4324 295 4396 tionem
316 4325 482 4417 liquores
505 4325 792 4399 decanthatione
822 4332 857 4398 et
878 4325 1122 4420 expressione
1153 4327 1294 4400 obtenti
1320 4333 1357 4400 et

153 4451 254 4525 inter
273 4473 314 4524 se
335 4453 524 4526 commixti
549 4454 734 4527 filtrentur
768 4458 805 4525 et
838 4454 875 4526 in
905 4454 1039 4527 balneo
1061 4476 1181 4546 aquae
1216 4456 1263 4527 ad
1294 4477 1355 4528 ex-

151 4583 315 4652 tractum
337 4579 479 4652 siccum
499 4582 742 4674 evaporando
763 4582 899 4674 redige,
935 4581 1042 4674 cujus
1076 4584 1227 4674 pondus
1247 4584 1355 4656 mini-

149 4727 253 4779 mum
274 4706 323 4778 sit
694 4717 929 4804 praeornatum
951 4711 1219 4806 quinquaqinta.
1304 4715 1354 4784 50
