3574 5454
690 567 931 642 -167-

207 787 300 860 facie
329 786 464 878 glaber,
507 787 674 878 margine
709 788 1036 878 dentato-cibatus
1071 786 1205 860 coloris
1238 783 1404 876 olivacei,

208 915 375 989 subfusci
394 920 460 987 aut
479 914 651 1002 castanei,
671 915 814 1007 passim
834 914 1052 1006 albo-grisei
1078 918 1114 987 et
1133 913 1180 986 ad
1199 913 1322 986 basim
1343 935 1402 985 ca-

208 1041 448 1116 naliculatam
466 1047 509 1115 ut
526 1040 876 1135 plurimumcoloris
888 1040 962 1114 albi
974 1046 1010 1114 et
1021 1041 1225 1134 sanguinei,
1245 1041 1285 1113 in
1304 1046 1405 1114 statu

208 1170 308 1242 sicco
338 1169 615 1261 cartilagineus,
645 1169 803 1261 rigidus,
832 1173 1019 1262 strepens
1049 1169 1088 1242 in
1119 1173 1221 1243 statu
1249 1168 1404 1241 humido

209 1317 408 1370 coriaceus.

315 1443 555 1516 Membranae
606 1442 834 1535 hypbarum,
884 1441 1045 1515 thallum
1100 1441 1407 1515 constituentium

209 1569 331 1642 addita
355 1569 542 1643 solutione
558 1569 639 1660 judi
659 1591 814 1663 aquosa,
833 1569 997 1642 colorem
1014 1568 1227 1642 caeruleum
1243 1568 1405 1640 trahunt.

209 1697 303 1770 Cum
332 1719 432 1790 aqua
466 1703 604 1786 coctus
639 1697 778 1770 Lichen
816 1695 1027 1769 Islandicus
1066 1695 1251 1788 liquorem
1288 1695 1404 1767 muci·

207 1823 419 1915 laginosum
447 1845 686 1917 peramarum
714 1825 885 1917 praebet,
924 1823 989 1916 qui
1019 1821 1112 1895 satis
1142 1827 1406 1896 concentratus

205 1957 294 2045 post
313 1951 629 2044 refrigerationem
649 1951 688 2024 in
708 1951 911 2043 gelatinam
931 1950 1030 2024 coit·

317 2096 372 2168 sn
408 2116 514 2168 merx
548 2117 571 2167 a
605 2095 816 2188 quisquiliis
846 2100 912 2169 aut
940 2115 1157 2167 muscarum
1190 2093 1407 2186 fragmentis

208 2222 383 2295 admixtis
402 2221 597 2295 liberatus,

553 2672 781 2815 Lignum
809 2669 1052 2810 Guajaci.

324 2895 521 2988 Guajacum
564 2895 737 2994 officinule
783 2895 953 2984 Linn.,
1003 2895 1115 2968 arbor
1157 2894 1197 2966 in
1240 2893 1413 2967 Amerina

209 3023 363 3116 tropica,
383 3023 568 3116 imprimis
584 3024 623 3096 in
640 3023 774 3096 insulis
790 3023 993 3096 Antillanis
1015 3041 1199 3097 crescens.
1221 3019 1415 3118 Zygopbyl·

210 3150 335 3223 luceae.

318 3291 1413 3388 Lignumcompactum,valdeponderosumetdurumirre-

209 3422 446 3514 gularissime
462 3421 590 3510 fissile,
606 3421 747 3494 occurit
761 3420 799 3493 in
817 3419 1021 3512 segmentis
1039 3421 1161 3494 tnmci
1172 3424 1411 3494 etramorum

209 3548 370 3641 magnis
391 3548 528 3624 cortice
549 3546 746 3640 destitutis,
767 3547 925 3621 alburno
945 3547 1083 3641 pallide
1103 3548 1284 3636 subdare,
1301 3547 1411 3620 duran

209 3677 311 3749 mine
343 3676 692 3766 fusco-virescente,
718 3674 902 3766 resinos0,
928 3674 967 3746 in
1003 3675 1169 3750 sectione
1195 3680 1412 3748 transversa

211 3805 317 3878 zonis
342 3802 671 3894 subconcentricis,
707 3803 904 3895 pervices
939 3802 1074 3876 coloris
1109 3802 1343 3876 saturations
1377 3806 1411 3875 et

211 3931 407 4021 dilutioris
439 3929 629 4024 punctalis
655 3929 839 4022 aperturis
868 3950 1056 4018 vasorum,
1086 3951 1214 4002 massa
1241 3930 1412 4002 resinosa

210 4057 373 4152 impletis
384 4057 569 4148 solitariis
578 4057 771 4149 radiisque
782 4055 1052 4129 medullaribus
1063 4056 1159 4130 inter
1168 4055 1410 4150 seproximiS,

213 4184 479 4258 subtilissimis.
516 4185 746 4258 calefactum
783 4184 943 4276 Lignum
979 4181 1135 4276 Guajaci
1164 4184 1321 4257 odorem
1354 4205 1410 4255 re-

211 4314 316 4386 sinae
335 4313 505 4386 Benzoe's
524 4313 676 4406 spargit.

320 4457 471 4530 Rasura
490 4455 634 4528 venalis
659 4477 707 4529 ne
727 4454 776 4528 sit
795 4455 912 4528 mixta
931 4455 1102 4528 frustulis
1132 4454 1268 4528 albidis
1294 4477 1340 4528 ex
1360 4456 1413 4528 al·

212 4586 332 4658 burno
351 4584 411 4656 vel
431 4605 450 4656 e
470 4582 582 4676 lignis
604 4582 736 4657 alienis
758 4582 1030 4656 derivantibus.

322 4725 457 4824 Species
477 4727 683 4826 Lignorum.
