3576 5454
651 589 703 600 --
735 547 810 620 om
845 589 895 600 --

287 765 410 838 Radix
429 765 553 838 valida
571 765 786 852 luciformia,
813 765 953 838 siccata
978 770 1014 837 et
1036 765 1171 837 cortice
1198 765 1375 838 exteriore

177 895 283 967 lusco
323 893 509 986 deglupto,
539 893 649 965 nobis
689 893 846 966 advecta
885 914 904 965 e
937 891 1078 965 Russia
1106 892 1142 963 in
1172 891 1374 982 segmentis

176 1021 347 1094 diversae
367 1020 622 1112 longitudinis
643 1020 718 1091 duo
739 1019 786 1092 ad
804 1025 964 1112 quatuor
981 1018 1199 1092 centimetra
1224 1019 1374 1104 crassis

178 1147 381 1240 aequaliter
410 1148 522 1221 dilute
548 1148 665 1236 ssavis
687 1147 725 1219 in
744 1147 908 1220 fractura
927 1145 1035 1220 valde
1062 1145 1223 1234 fibrosis,
1251 1147 1287 1217 in
1314 1167 1374 1220 su·

174 1275 321 1368 perficie
354 1279 507 1348 externa
532 1273 971 1360 libroso-seabriusculiS‚
1003 1273 1042 1345 in
1062 1273 1228 1346 sectione
1253 1279 1372 1346 trans-

173 1424 285 1476 versa
304 1424 437 1494 grosse
456 1403 629 1476 radiatim
650 1401 800 1490 striatiS,
828 1403 1049 1494 plerumque
1070 1401 1182 1472 etiam
1202 1401 1372 1473 radiatim

172 1529 283 1619 fissio,
306 1531 454 1623 saporis
473 1528 671 1623 perdulcis,

287 1656 453 1729 Gelotioo
471 1655 689 1752 quuiritiue
703 1655 888 1752 pellucido.
909 1654 1032 1726 Pulvis
1052 1653 1270 1750 Liquiriliue
1283 1679 1370 1726 com·

168 1786 313 1881 positus
335 1785 458 1858 Pulvis
475 1808 682 1882 pummosua.

537 2106 712 2216 lludix
738 2104 1006 2215 linonidis

287 2368 421 2440 Ouolas
449 2367 593 2462 spinoso
622 2367 753 2458 Linn.‚
784 2367 965 2440 suilrutex
996 2367 1033 2439 in
1054 2368 1153 2441 arvis
1174 2371 1211 2440 et
1230 2366 1372 2458 campis

171 2495 319 2567 obvius,
341 2493 603 2590 Lepumioosoc.
626 2493 905 2590 Popiliouoceoe.

279 2622 401 2695 Radix
412 2621 617 2714 multiceps
629 2621 913 2713 subcylindriea,
924 2643 1086 2713 ramosa,
1098 2621 1244 2710 siccata,
1258 2643 1371 2714 quarn

173 2749 375 2842 plurimum
392 2750 520 2821 decem
537 2748 585 2821 ad
600 2749 811 2840 quindecim
822 2749 1033 2821 millimetra
1047 2770 1184 2838 crassa,
1196 2771 1273 2821 non
1287 2770 1372 2821 raro

173 2899 403 2970 compressa,
416 2880 568 2948 curvata
579 2881 615 2949 et
624 2879 731 2964 torta,
753 2898 865 2968 saepe
881 2899 948 2968 per
958 2876 1229 2967 longitudinem
1239 2876 1370 2949 rimata

175 3005 258 3076 etin
270 3005 384 3076 fibras
408 3004 601 3090 dissoluta,
622 3003 779 3095 lignosa,
799 3004 1048 3104 tenacissima,
1078 3008 1186 3076 extus
1208 3025 1227 3074 e
1252 3005 1373 3096 griseo

172 3131 286 3222 lusca
315 3131 354 3202 iu
386 3131 550 3203 sectione
579 3136 797 3204 transversa
816 3131 996 3204 exhibens
1026 3132 1201 3204 corticem
1223 3136 1373 3204 tenuem

173 3259 319 3332 luseum
340 3262 377 3329 et
405 3258 545 3348 lignum
575 3257 796 3348 subflavum,
825 3258 938 3331 radiis
969 3258 1236 3332 medullarihus
1267 3259 1372 3348 albis,

173 3388 299 3477 quoad
316 3386 544 3458 latitudinem
558 3385 718 3456 maxime
730 3385 994 3476 differentibus
1007 3387 1195 3477 eleganter
1210 3386 1371 3458 flabella-

171 3513 238 3585 tim
264 3518 444 3586 notatum.
476 3513 630 3605 Saporis
652 3518 708 3585 est
724 3512 932 3601 suliacerbi,
953 3513 1123 3586 subacris
1144 3534 1229 3585 cum
1249 3512 1374 3604 aliqua

170 3641 375 3714 dulcedine.

535 3961 710 4070 Radix
735 3961 1006 4104 Pyretlui.

280 4203 477 4300 Artocpclus
507 4201 718 4298 Repellrum
753 4203 836 4293 DC„
870 4205 1001 4296 planta
1029 4205 1366 4294 mediterraneam

170 4331 316 4421 digena
335 4330 517 4422 imprimis
539 4337 749 4422 spontanea
769 4335 804 4402 et
826 4332 935 4404 culta.
962 4331 1195 4426 t'omposilaa

277 4458 399 4529 Radix
417 4457 636 4549 plerumque
656 4458 814 4550 simplex
835 4459 984 4550 siccata,
1014 4459 1051 4530 in
1073 4459 1200 4531 frustis
1220 4459 1367 4531 t'usilor-

167 4587 312 4676 milium
350 4585 637 4676 subeylindricis
685 4591 748 4658 aut
787 4587 919 4658 obtuso
959 4585 1162 4676 angulatis
1211 4609 1276 4658 sex
1321 4587 1368 4659 ad

115 4793 121 4802 ,
168 4713 367 4785 duodecim
405 4711 623 4784 centimetra
655 4713 784 4804 longis
819 4735 935 4785 unum
974 4712 1021 4784 ad
1053 4712 1124 4784 tn'a
1153 4714 1369 4786 centimetra

1148 4851 1199 4905 15*
