3574 5454
939 594 1148 669 -106-

443 809 730 905 praecipitatum
751 812 977 901 caeruleum,
1009 817 1163 905 argento
1188 811 1320 886 nitrico
1345 811 1483 900 album,
1516 831 1654 884 caseo-

444 959 540 1027 surn,
575 938 766 1010 ammonia
799 939 1006 1012 abundanti
1036 940 1295 1032 gelatinosurn
1317 961 1336 1010 e
1356 939 1469 1012 rubro
1495 940 1650 1012 fuscum

444 1065 569 1156 gignit.
617 1065 755 1158 Liquor
802 1087 848 1138 ex
895 1065 967 1138 hoc
1005 1068 1136 1140 ultimo
1175 1066 1418 1160 praecipitato
1465 1064 1649 1138 filtrando

444 1193 628 1280 obtentus
645 1193 780 1266 coloris
798 1214 945 1285 experS,
964 1198 1209 1288 evaporatum
1224 1199 1260 1267 et
1275 1193 1537 1266 candefactum
1551 1192 1648 1265 resi-

444 1320 562 1392 duum
580 1321 725 1392 nullum
744 1319 939 1413 relinquat,
965 1343 1087 1414 neque
1103 1321 1268 1394 admixto
1284 1320 1436 1394 dimidio
1452 1321 1648 1394 volumine

444 1447 540 1519 acidi
562 1447 728 1520 sulfurici
749 1448 977 1521 concentrati
998 1454 1035 1521 et
1050 1449 1136 1521 dein
1157 1453 1265 1522 caute
1290 1448 1531 1540 superinfuso
1544 1448 1648 1520 solu-

447 1574 548 1647 tione
566 1574 652 1647 serri
674 1575 849 1664 sulfurici‚
878 1596 922 1648 eo
941 1576 1066 1668 plano,
1088 1596 1163 1668 quo
1182 1575 1279 1648 inter
1299 1597 1340 1648 se
1359 1574 1527 1667 liquores
1558 1595 1648 1648 con-

445 1700 600 1792 tingunt,
622 1722 757 1775 zonam
777 1702 922 1774 fuscam
943 1703 1088 1774 efficiat.

553 1829 773 1902 Grammala
810 1829 941 1902 decern
969 1829 1070 1904 Ferri
1105 1829 1394 1923 sesquichlorati
1430 1830 1469 1902 in
1508 1830 1647 1922 exigua

446 1956 652 2048 quantitate
675 1977 795 2049 aquae
816 1957 951 2044 soluta,
981 1956 1153 2029 admixtis
1177 1957 1325 2030 duobus
1354 1957 1531 2048 grammis
1557 1957 1647 2028 kalii

444 2082 597 2155 cblorici
641 2084 825 2176 pulverati
865 2089 902 2156 et
939 2083 1068 2176 viginti
1102 2084 1330 2158 centimetris
1369 2085 1508 2157 cubicis
1547 2084 1648 2156 acidi

445 2209 610 2283 sulfurici
657 2211 898 2300 concendat,
937 2213 1129 2300 calefacta,
1169 2212 1290 2284 donec
1336 2232 1498 2304 vapores
1547 2212 1649 2284 acidi

446 2337 611 2410 sulfurici
645 2337 794 2428 largiter
813 2338 1039 2429 emittantur,
1073 2341 1268 2412 residuum
1292 2339 1507 2432 praebeant,
1540 2339 1650 2430 quod

444 2463 703 2554 refrigeratum
738 2470 774 2537 et
807 2486 906 2557 aqua
938 2467 1102 2539 solutum
1131 2466 1374 2559 inapparatu
1405 2465 1559 2538 Marshii
1598 2487 1651 2538 ne

446 2591 598 2683 quidem
616 2592 774 2684 vestigia
793 2592 952 2665 arsenici
971 2593 1116 2685 prodat.

553 2717 711 2814 Spiritus
730 2719 833 2792 Ferri
852 2719 1115 2816 scsqaiclrlorati
1135 2719 1314 2792 aethereus.

537 3114 760 3223 llerrum
782 3114 1273 3255 sosquicbloratunr
1298 3115 1551 3224 solutum.

579 3354 678 3432 llcrri
699 3354 980 3457 sesquioblmti
1000 3354 1235 3456 crystalllsati
1372 3362 1513 3451 partem
1533 3379 1657 3428 unam

444 3485 547 3558 solve
568 3485 606 3556 in

581 3610 700 3712 ique
722 3608 933 3687 destillat-e
948 3617 1055 3705 parte
1074 3613 1224 3705 aequali.

553 3738 607 3811 Sit
624 3738 800 3831 ponderis
819 3739 982 3832 specifici
1008 3739 1104 3810 1n8.

743 4134 968 4241 llorrunr
995 4133 1329 4242 sulfurionm.

552 4379 723 4469 Crystalli
756 4378 1168 4467 subcaeruleo-virides,
1212 4385 1298 4450 obre
1332 4377 1568 4465 fatiscentes
1613 4378 1653 4448 in

443 4529 542 4599 aqua
557 4506 662 4578 facile
679 4505 869 4578 solubiles.
886 4505 1030 4579 Solutio
1047 4503 1405 4598 aquosareactionis
1423 4504 1652 4590 subacidae,

442 4633 588 4725 adjecto
617 4633 981 4724 kalio-serricyanato
1012 4633 1136 4705 soluto
1180 4631 1431 4704 sedimenturn
1484 4631 1655 4704 demittit

441 4760 587 4833 intense
608 4760 831 4850 caeruleum,
852 4761 967 4851 baryo
987 4759 1118 4832 uitrico
1139 4759 1276 4848 album,
1298 4759 1336 4830 in
1362 4757 1478 4831 acidis
1500 4758 1651 4832 insolu-
