3576 5454
684 583 924 655 -271—

476 793 872 902 Terebinthina
907 794 1127 902 Veneta.

556 1021 845 1101 Terebinihina
867 1021 1045 1101 larieina.

310 1215 425 1286 Pinus
464 1215 580 1288 Larix
622 1217 762 1304 Linn.‚
816 1218 928 1291 arbor
972 1217 1150 1308 indigena
1192 1217 1401 1291 notissima.

209 1341 404 1435 Coniferae.
425 1342 636 1416 Abietineae.

308 1468 527 1543 Balsamum
555 1473 735 1562 naturale,
765 1494 785 1544 e
814 1477 944 1545 trunco
992 1471 1188 1543 vulnerato
1228 1471 1400 1562 effluenS,

200 1596 502 1688 spissiuseulum,
536 1603 659 1686 tenax,
693 1599 914 1691 plerumque
933 1597 1140 1690 limpidum,
1161 1597 1402 1690 diaphanum,

200 1723 407 1815 aequabile,
443 1726 578 1798 coloris
599 1725 756 1798 subflavi
776 1729 841 1797 aut
861 1723 1151 1812 subviridi-ilavi‚
1181 1723 1307 1797 odoris
1326 1725 1403 1798 bal·

199 1849 340 1940 samici,
377 1850 479 1925 haud
514 1852 660 1943 ingrati,
696 1851 841 1944 saporis
871 1849 1167 1940 ami-aromatici,
1199 1852 1401 1925 subamarr'.

306 1977 348 2050 ln
376 1978 510 2052 balneo
540 2001 660 2073 aquae
682 1977 912 2068 calefactum,
939 1978 1079 2052 amisso
1110 1978 1193 2051 oleo
1214 1979 1401 2072 aetheree,

197 2105 363 2179 resinam
379 2106 555 2199 relinquit
569 2106 772 2198 limpidam,
792 2112 880 2199 post
897 2105 1213 2198 refrigerationem
1233 2105 1403 2198 solidam,

198 2232 378 2324 fragilem.
412 2232 455 2306 ln
489 2233 622 2326 spiritu
651 2233 728 2306 vini
762 2239 1001 2307 concentratn
1038 2255 1082 2305 ex
1116 2237 1195 2306 toto
1234 2233 1402 2324 solvitur,

202 2360 428 2433 solutionem
447 2360 632 2453 praebens
652 2361 855 2454 limpidam.

304 2486 547 2582 Emplasirum
577 2487 818 2561 adhaesurum.
852 2487 1099 2583 Emplasirum
1129 2485 1399 2559 Cantharidum.

197 2613 442 2710 Emplastrum
478 2613 737 2686 Cantharidum
760 2621 979 2710 perpetuum.
1011 2613 1259 2710 Emplastrum
1285 2615 1401 2689 Canii.

200 2740 444 2838 Emplastrum
475 2741 673 2837 Dractpton
698 2743 935 2838 compositum.
962 2742 1205 2838 Emplastrum
1239 2741 1400 2815 Melilotr'.

201 2867 701 2968 Etrrplastrum-oayeroceum.

632 3136 965 3280 'llrymelum

309 3361 481 3454 Crystalli
514 3363 817 3451 tabulaelormes,
857 3363 1062 3452 decolores,
1108 3363 1233 3435 oleum
1266 3363 1403 3454 Thyrni

200 3490 423 3578 redolentes,
444 3490 590 3582 saporis
609 3489 801 3562 aromatici
821 3490 975 3578 urende,
1004 3492 1126 3564 calore
1147 3489 1288 3564 circiter
1313 3492 1364 3562 50
1379 3493 1397 3528 ⁰

198 3615 420 3707 liquescunt,
450 3616 489 3688 in
518 3638 618 3709 aqua
641 3615 713 3706 vix,
740 3616 779 3690 in
804 3617 936 3709 spiritu
960 3617 1047 3706 vini,
1073 3618 1235 3707 aethere,
1256 3618 1402 3694 chloro-

198 3742 330 3815 formio
358 3747 394 3815 et
426 3742 548 3815 natrio
583 3744 868 3836 hydrooxydato
898 3745 1021 3817 soluto
1055 3745 1162 3818 facile
1192 3747 1400 3819 solvrmtur.

201 3868 407 3961 Crystallus
428 3871 466 3940 in
486 3890 624 3960 aquam
642 3870 804 3962 injectus
820 3871 936 3945 imum
950 3872 1052 3963 petit,
1067 3872 1266 3964 liquefacta
1281 3894 1402 3965 aquae

198 4000 426 4088 supernatat.
1237 4019 1238 4024 ‘

306 4122 533 4215 Thymolurn
553 4123 623 4197 sub
643 4128 895 4215 temperatura
916 4124 1102 4198 ordinaria
1131 4123 1170 4197 in
1191 4127 1401 4220 quadruplo

196 4250 361 4344 pondere
391 4250 485 4323 acidi
505 4250 670 4324 sulfurici
691 4250 920 4323 concentrati
936 4251 1102 4340 solvitur,
1119 4251 1242 4344 liquor
1265 4256 1401 4329 eoloris

197 4377 355 4450 subflavi
370 4379 621 4452 calefaciendo
641 4379 805 4452 colorem
818 4400 971 4452 roseum
989 4378 1119 4453 induit.
1135 4379 1236 4454 Haec
1253 4382 1400 4472 solutio,

196 4505 235 4577 in
282 4506 480 4599 decuplam
523 4506 769 4598 quantitatem
816 4527 935 4597 aquae
983 4507 1109 4580 inlusa
1164 4512 1201 4580 et
1246 4510 1400 4601 plumbo

197 4632 395 4706 carbonico
424 4638 705 4727 supersaturata
730 4638 766 4706 et
794 4634 940 4722 filtrata
974 4634 1101 4707 addito
1134 4635 1298 4727 pauxillo
1318 4637 1403 4716 ferri

198 4759 486 4854 sesquiehlorati
506 4759 669 4838 colorem
690 4783 709 4832 e
729 4761 894 4838 violaceo
915 4761 1126 4840 caeruleum
1146 4761 1276 4842 induit,
