3502 5454
161 790 405 865 haerentibus
420 791 535 885 priva,
551 794 623 865 sub
643 796 895 886 temperatura
915 797 986 868 150
1005 816 1082 868 non
1097 795 1359 888 submergitur,

162 919 411 992 adulterinam
430 941 598 994 censeas

270 1048 364 1122 Cum
378 1047 544 1121 centenis
559 1049 728 1141 partibus
748 1050 902 1143 spiritus
919 1051 994 1123 vini
1011 1051 1238 1124 concentrati
1253 1056 1360 1124 cocta

161 1175 343 1269 liquorem
380 1177 573 1270 praebeat,
612 1177 676 1269 qui
713 1182 802 1271 post
838 1179 1162 1271 refrigerationem
1199 1178 1360 1251 srltratus

161 1302 330 1376 chartam
358 1304 647 1398 exploratoriam
672 1306 885 1378 caeruleam
916 1312 980 1380 aut
1004 1327 1160 1398 prorsus
1192 1326 1269 1378 non
1295 1310 1360 1378 aut

160 1431 349 1505 levissime
364 1431 517 1505 nonnisi
531 1431 715 1504 rubetacit
728 1436 765 1505 et
780 1425 990 1526 quadrupla
1011 1433 1218 1526 quantitate
1239 1453 1359 1525 aquae

160 1561 369 1633 destillatae
396 1559 533 1632 dilutus
558 1579 635 1632 non
659 1559 832 1632 turbidus
859 1561 993 1633 evadit.
1023 1560 1117 1634 Pars
1137 1582 1214 1633 una
1233 1560 1360 1648 Cerae,

160 1708 247 1759 cum
275 1687 452 1760 tricenuis
480 1686 652 1780 partibus
680 1686 834 1779 spiritus
859 1686 936 1759 vini
965 1687 1070 1760 diluti
1098 1686 1226 1760 addita
1254 1692 1359 1780 parte

158 1834 236 1886 una
253 1813 364 1886 natrii
391 1814 579 1887 carbonici
609 1813 700 1887 sicci
728 1819 845 1905 cocta,
874 1815 1059 1908 liquorem
1077 1816 1266 1909 praebeat,
1296 1814 1360 1907 qui

158 1943 270 2034 plane
289 1941 527 2035 refrigeratus
548 1947 585 2016 et
608 1943 779 2030 filtratus,
810 1941 918 2014 acido
938 1942 1224 2034 hydrochlorico
1254 1963 1360 2034 prae-

160 2069 354 2162 cipitatum
373 2091 421 2144 ne
442 2070 590 2144 efficiat.

274 2197 434 2270 Ceratum
470 2197 609 2270 Cetucci.
642 2196 882 2291 Emplastrum
911 2195 1082 2270 Cerussac.
1110 2195 1228 2292 Empl.
1256 2220 1358 2292 supo-

159 2333 289 2398 natum.
325 2325 544 2423 Unquentum
577 2323 758 2396 emolliens.
804 2323 890 2419 Uuq.
925 2323 1067 2396 Plumbr'
1099 2326 1224 2396 cretici.
1274 2319 1360 2420 Urqr.

158 2462 323 2527 rosatum.
351 2453 438 2552 Unq.
457 2454 610 2548 simplem.
637 2452 725 2550 Unq.
749 2453 850 2525 Zincr'
869 2451 1023 2547 occidati.

595 2776 734 2885 Cora
757 2775 923 2883 flava.

266 3002 321 3075 Sit
339 3001 474 3097 frigore
494 3002 679 3073 tracturae
710 2997 945 3090 granulosae
977 3016 1114 3087 parum
1134 2999 1257 3082 tenax,
1288 2993 1358 3066 sub

156 3151 292 3203 manus
313 3130 435 3202 calore
454 3127 688 3216 mollescens
715 3125 842 3198 odoris
862 3121 994 3211 mellei,
1015 3121 1085 3195 sub
1104 3125 1360 3214 temperatura

158 3260 207 3332 63
239 3259 287 3331 ad
308 3257 383 3330 640
411 3256 607 3348 liquescat,
636 3253 675 3326 in
704 3253 874 3347 partibus
903 3249 1078 3323 trecentis
1109 3247 1263 3341 spiritus
1284 3247 1359 3320 vini

157 3384 386 3460 concentrati
405 3382 595 3456 bullientis
622 3380 757 3472 exiguo
787 3377 938 3451 nonnisi
962 3376 1113 3450 residuo
1133 3375 1263 3448 relicto
1284 3375 1358 3448 sol-

156 3518 275 3602 vatur,
297 3501 487 3586 caeterum
505 3514 547 3583 ut
567 3509 661 3580 Cera
681 3507 768 3580 alba
787 3526 828 3578 se
849 3506 1039 3598 praebeat.

271 3639 431 3712 Ceratum
462 3637 622 3732 fuscum.
671 3633 911 3728 It'mplcstrum
953 3629 1194 3703 adhaesirum.
1239 3627 1358 3723 Empl.

161 3767 426 3841 Crinthoridum.
447 3764 564 3860 Empl.
591 3763 702 3835 Cocli.
722 3760 839 3856 ampl.
858 3759 1057 3856 Diuctylon
1073 3781 1219 3852 compos.
1239 3755 1357 3850 Empl.

156 3895 308 3968 Melilotr'.
330 3894 449 3990 Empl.
464 3893 581 3965 Μιῗηὶἱ.
598 3889 714 3985 Empl.
732 3912 962 3984 orycmrcum.
987 3885 1204 3982 Unqueotum
1219 3906 1357 3955 aroma-

156 4025 270 4094 ticum.
298 4021 386 4116 Urrq.
409 4018 585 4114 ‚lacrymat

500 4279 752 4396 Ceratum
772 4281 1006 4396 Cctacci.
1027 4235 1030 4242 Ι

155 4481 253 4573 Rpe:
284 4475 393 4553 tertre
413 4474 517 4553 albae

282 4603 422 4680 tacet

282 4611 358 4812 θῑῖἰ
375 4729 646 4832 amygdalam
769 4724 814 4796 un
834 4730 1029 4821 qrarnmulu
1050 4728 1190 4794 centron.
1279 4721 1355 4792 100
