3502 5454
672 555 884 625 „11-

407 763 625 873 dcidum
652 767 1149 876 uitrico-nitrosum.

490 959 667 1038 Acidum
690 960 880 1042 uitricum
901 959 1074 1042 fumans

285 1117 423 1209 Liquor
451 1118 641 1211 limpidus
673 1140 692 1190 e
725 1120 839 1192 rubro
873 1121 1021 1210 fuscuS,
1057 1120 1169 1210 plane
1206 1121 1379 1210 volatilis,

179 1268 336 1338 vapores
373 1247 545 1319 emittens
586 1247 830 1336 suffocantes
858 1270 876 1320 e
909 1249 1007 1320 flavo
1037 1249 1181 1320 rubros.
1224 1249 1380 1321 Pondus

178 1373 392 1466 specificum
411 1374 609 1447 minimum
629 1376 677 1448 sit
700 1375 950 1448 1·45-1·50.

286 1500 539 1594 Quinquagies
559 1524 660 1595 aqua
684 1503 823 1577 dilutus
843 1503 959 1594 baryo
976 1502 1120 1592 nitrico,
1145 1503 1205 1576 vel
1223 1509 1378 1596 argento

178 1629 309 1702 nitrico
329 1629 391 1702 vix
409 1632 588 1703 turbetur.
939 1639 944 1648 '

287 1757 403 1830 Caute
423 1757 505 1830 loco
524 1758 657 1850 frigido
679 1764 715 1831 et
734 1760 898 1832 obscuro
919 1765 1098 1832 servetur.

433 2080 655 2189 dcidum
683 2079 1117 2224 phosphoricum.

286 2305 425 2398 Liquor
450 2305 645 2399 limpiduS,
683 2306 846 2395 decolor,
881 2305 1007 2379 odoris
1029 2328 1173 2399 expers,
1200 2306 1380 2399 ponderis

178 2433 341 2525 specidci
368 2433 493 2508 1·094.

286 2561 449 2654 Argento
478 2562 610 2634 nitrico
640 2561 786 2652 adJ'ecto
814 2561 938 2653 liquor
966 2561 1144 2654 limpidus
1175 2566 1211 2635 et
1232 2561 1381 2635 decolor

176 2695 338 2779 maneat,
374 2689 508 2783 quodsi
537 2711 625 2762 vero
658 2695 765 2762 caute
793 2689 983 2762 ammonia
1012 2689 1249 2778 admiscetur,
1281 2690 1377 2762 sedi-

178 2823 346 2890 mentum
361 2818 501 2890 ssavum
517 2818 648 2906 oritur,
670 2816 1114 2910 quodsuperabundante
1135 2817 1241 2889 acido
1262 2838 1379 2910 aeque

179 2965 222 3016 ac
240 2945 484 3038 superaddita
504 2946 694 3018 ammonia
712 2945 877 3018 solvitur.

287 3072 428 3165 Liquor
442 3079 596 3165 argento
611 3073 741 3146 nitrien
759 3077 794 3145 et
810 3074 1025 3145 abundante
1039 3072 1378 3144 ammoniamixtus

180 3204 291 3291 atque
308 3201 356 3272 ad
372 3200 624 3273 ebullitionem
640 3200 852 3290 calefactus
872 3222 941 3272 nec
958 3201 1121 3273 colorem
1135 3199 1380 3291 nigricantem

179 3327 319 3415 induat,
362 3349 485 3420 neque
529 3327 712 3419 ejusmodi
752 3328 1003 3401 sedimentum
1047 3328 1222 3420 deponat.
1270 3326 1381 3419 Aqua

179 3454 486 3546 hydrosulfurata
505 3459 694 3528 saturatus
713 3477 760 3527 ne
781 3459 862 3527 tum
881 3455 1034 3547 quidem
1055 3455 1220 3528 colorem
1239 3455 1380 3527 flavum

179 3583 257 3655 sive
277 3583 550 3675 nigro-fuscum
569 3582 701 3653 induat
720 3585 786 3654 aut
804 3583 983 3670 turbetur,
1005 3583 1036 3654 si
1056 3581 1206 3673 longius
1226 3586 1379 3674 tempus

179 3731 268 3783 vase
287 3715 384 3784 tecto
409 3711 483 3783 leni
503 3711 627 3782 calore
658 3709 847 3802 repositus
877 3711 996 3783 suerit.
1032 3709 1154 3802 Duplo
1189 3709 1379 3781 volumine

180 3857 300 3929 aquae
330 3837 467 3928 additu,
487 3859 556 3909 nec
580 3838 695 3927 baryo
715 3835 856 3925 nitrien,
879 3858 947 3909 nec
968 3836 1158 3908 ammonio
1180 3835 1324 3908 oxalico
1344 3841 1381 3907 et
1471 3921 1473 3926 .

179 3964 510 4059 superabundante
540 3963 730 4037 ammonia
755 3963 881 4036 statim
904 3967 1068 4037 mutetur
1103 3969 1168 4036 aut
1202 3963 1379 4034 turbetur.

180 4093 359 4187 Sextuplo
379 4093 570 4165 volumine
592 4092 744 4185 spiritus
765 4092 842 4164 vini
862 4092 1000 4164 mixtus
1016 4091 1193 4183 limpidus
1219 4094 1380 4162 maneat.

181 4222 275 4293 Cum
297 4220 447 4292 dimidio
473 4219 662 4293 volumine
683 4219 777 4291 acidi
798 4218 965 4291 sulfurici
985 4219 1213 4291 concentrati
1228 4218 1382 4314 mixtus

180 4349 417 4441 supereffusa
442 4348 625 4420 solutione
652 4347 737 4419 ferri
763 4346 1093 4433 sulfurici,zona1n
1121 4345 1379 4420 intermediam

180 4479 327 4549 fuscam
360 4496 407 4548 ne
441 4475 578 4567 gignat.
613 4473 655 4546 In
687 4474 826 4567 patella
856 4473 1020 4565 platinea
1058 4479 1302 4566 evaporatum
1345 4477 1380 4545 et

180 4604 420 4677 vehementer
448 4602 668 4674 calefactum
703 4601 850 4674 acidum
888 4600 1039 4672 nonnisi
1059 4600 1218 4691 vestigia
1241 4599 1380 4671 residui

179 4731 375 4823 relinquat,
397 4729 499 4821 quod
517 4729 602 4820 igne
623 4750 700 4801 non
721 4728 964 4802 consumitur.
