3576 5454
904 545 1143 619 -rss-

421 762 548 837 dilutis
569 785 654 837 curn

560 889 683 992 duno
697 887 906 969 desudatas
960 894 1202 988 prammutum
1216 891 1490 986 quatuormr'llr'·

1186 1016 1249 1090 bus
1268 1023 1300 1090 et
1319 1019 1487 1092 trecentis.
1518 1021 1623 1094 4300

530 1147 820 1239 Praecipitatum
840 1144 1106 1236 aurantiaoum,
1131 1144 1218 1216 inde
1238 1149 1370 1232 ortum,
1391 1146 1622 1220 subsidendo

420 1277 456 1346 et
484 1273 671 1347 abluendo
696 1275 793 1347 bene
814 1274 1081 1361 edulcoratum‚
1111 1272 1187 1345 leni
1213 1271 1336 1345 calore
1367 1272 1559 1362 siccatum,
1585 1276 1622 1348 in

418 1400 512 1472 vitro
532 1403 628 1474 bene
649 1402 777 1474 clauso
796 1400 871 1473 luci
891 1399 1070 1492 impervio
1092 1421 1213 1472 servo.

529 1528 583 1601 Sit
614 1528 736 1620 pulvis
766 1527 1043 1617 subtilissimus
1076 1526 1476 1616 rubro-aurantiaoUS,
1514 1530 1620 1603 valde

420 1653 636 1749 depingens,
654 1655 782 1728 odoris
794 1676 938 1748 expers,
949 1654 1143 1747 insipidus,
1159 1654 1199 1725 in
1214 1653 1320 1726 acido
1335 1653 1619 1745 hydroohlorico

420 1781 560 1856 sulture
591 1782 778 1872 derelicto,
808 1783 846 1855 in
866 1782 987 1856 natrio
1007 1781 1293 1873 hydrooxydato
1314 1781 1439 1855 soluto
1470 1805 1515 1856 ex
1542 1789 1618 1859 toto

419 1909 601 1982 solubilis

528 2037 621 2110 Cum
648 2037 832 2110 solutione
863 2036 956 2110 acidi
984 2034 1148 2109 tartarioi
1168 2034 1286 2108 diluta
1315 2044 1616 2128 conquassatum,

417 2166 600 2258 liquorem
626 2165 813 2257 praebent,
843 2164 906 2256 qui
931 2163 1101 2251 filtratuS,
1136 2163 1264 2236 addita
1291 2185 1391 2255 aqua
1423 2165 1614 2257 hydrosul-

423 2295 556 2381 furata,
595 2291 740 2365 nullum
778 2292 837 2364 vel
876 2289 1028 2364 nonnisi
1055 2290 1300 2383 perexiguum
1327 2291 1616 2385 praecipitatum,

420 2421 556 2494 eoloris
578 2419 781 2493 aurantiaci
801 2419 964 2513 deponit.

532 2547 691 2621 Stibium
710 2548 934 2620 sulfuratum
953 2545 1211 2620 aurantiacum
1231 2545 1421 2618 ammonio
1442 2547 1617 2620 sulfiuato

424 2676 590 2750 solutum
619 2681 654 2748 et
674 2697 719 2748 ex
738 2675 809 2747 hac
838 2675 1035 2762 solutione,
1064 2673 1171 2746 acido
1191 2672 1479 2763 hydroohlorieo
1504 2676 1614 2748 abun-

422 2803 533 2875 dante
564 2803 855 2891 auditotorum
883 2803 1178 2896 praecipitatum,
1206 2805 1288 2874 tum
1316 2822 1417 2894 aqua
1444 2803 1560 2876 lotum
1584 2809 1618 2877 et

424 2952 509 3003 oum
538 2931 698 3023 decupla
726 2931 932 3022 quantitate
968 2929 1146 3003 ammonii
1175 2929 1366 3003 carbonici
1394 2930 1507 3004 soluti
1535 2953 1615 3006 oon·

421 3064 658 3150 quassatum,
678 3059 857 3132 filtratum
876 3059 1063 3152 praebeat,
1094 3059 1194 3150 quod
1215 3057 1321 3131 acido
1337 3057 1617 3150 hydrochlon'co

422 3191 528 3259 caute
556 3185 796 3274 aoidulatum,
825 3207 896 3259 neo
917 3186 1169 3259 sedimentum
1197 3185 1341 3258 luteum
1369 3185 1527 3260 arsenici
1545 3187 1614 3260 sul-

423 3315 536 3387 furati
574 3315 738 3407 deponit,
775 3336 845 3387 nec
880 3315 1006 3387 addita
1039 3335 1139 3406 aqua
1170 3314 1472 3406 hydrosulfurata
1511 3313 1616 3406 hujus

422 3441 581 3534 vestigia
610 3442 707 3515 flavo
737 3444 861 3516 colore
890 3444 1045 3532 indicat,
1075 3464 1187 3534 quern
1215 3443 1337 3535 liquor
1365 3443 1614 3536 assumpserit.

602 3872 829 4018 Solium
855 3909 1182 4019 sulfuratum
1201 3911 1438 4051 nigrum.

777 4138 1059 4217 Antimonium
1083 4141 1263 4217 orudum.

530 4335 666 4407 Frusta
680 4335 902 4427 ponderosa,
920 4357 939 4406 e
955 4334 1061 4425 nigro
1078 4334 1210 4426 grisea,
1230 4356 1275 4407 ex
1295 4333 1481 4426 crystallis
1501 4334 1610 4406 aeiru-

420 4460 571 4548 laribuS,
592 4462 775 4534 metallice
796 4462 1092 4554 splendentibus
1116 4461 1322 4534 friabilibus
1345 4461 1611 4554 compositum

418 4595 503 4660 edre
538 4588 792 4675 immutabilia,
825 4588 1019 4679 leniigne
1053 4588 1306 4680 liquescentis,
1341 4589 1448 4661 acido
1482 4588 1608 4680 hydro·

419 4715 585 4787 chlorioo
606 4716 728 4788 affuso
748 4738 815 4808 gas
835 4717 1179 4809 hydrosuliuratunr
1201 4718 1382 4790 emittunt.
