3502 5454
923 544 1136 617 ...56..

423 764 645 831 transversa
673 757 825 832 exhibet
853 765 1014 834 stratum
1041 760 1258 842 interiorem
1290 759 1550 834 subtilissime
1587 778 1651 829 ra·

425 885 558 959 diatim
579 885 761 976 sulatum,
789 887 906 961 radiis
932 889 972 961 in
993 889 1192 962 fasciculos
1218 893 1399 962 cuneatos
1426 883 1649 978 congestis.

534 1014 644 1107 Ligni
672 1015 883 1108 fragmenta
910 1017 1024 1090 merci
1057 1017 1271 1090 intermixta
1309 1021 1396 1089 ante
1429 1033 1555 1088 usum
1592 1032 1651 1083 re-

425 1148 663 1216 moveantur.

536 1267 715 1340 libatura.

807 1553 1004 1663 Cortex
1030 1552 1254 1672 olinae.

543 1775 737 1850 Cincboncw
767 1778 911 1872 species
941 1780 1075 1868 cultae,
1109 1777 1279 1871 inprimis
1323 1776 1502 1850 Ciuclona
1529 1776 1651 1848 sace&

428 1905 539 1977 rubra
568 1904 732 1979 Pavon.
765 1905 968 1980 Rubicceac.

535 2033 671 2105 Frusta
690 2033 900 2123 convoluta,
916 2035 988 2107 tria
1008 2034 1057 2107 ad
1078 2039 1241 2127 quatuor
1261 2033 1463 2107 decimetra
1484 2037 1525 2106 et
1538 2032 1650 2104 ultra

425 2161 549 2252 longa,
577 2160 652 2234 duo
680 2160 729 2232 ad
755 2165 917 2254 quatuor
944 2162 1156 2236 millimetra
1176 2183 1314 2250 crassa,
1344 2161 1447 2250 dura,
1475 2159 1649 2252 fragilia,

426 2287 592 2360 fractura
607 2286 756 2379 aequali
772 2291 838 2360 aut
850 2287 1012 2362 breviter
1026 2287 1250 2376 sublibrosa,
1265 2288 1304 2360 in
1319 2289 1433 2361 latere
1449 2285 1649 2360 exteriore

426 2414 676 2516 peridermate
696 2413 800 2486 tenui
820 2415 1046 2507 albo-griseo
1066 2419 1132 2488 aut
1150 2413 1479 2506 griseo-subfusco,
1502 2435 1648 2506 grosse

426 2540 747 2634 longitudinaliter
764 2562 905 2633 rugoso
917 2547 952 2615 et
962 2563 1075 2634 saepe
1086 2546 1300 2615 transverse
1316 2541 1456 2614 rimoso
1474 2519 1647 2626 obtecta,

429 2670 500 2743 sub
515 2669 765 2762 peridermate
776 2669 892 2758 fusca,
912 2669 953 2742 in
971 2672 1087 2743 latere
1107 2669 1284 2743 interiore
1295 2669 1563 2742 cinnamomea
1576 2674 1646 2741 aut

431 2798 677 2884 fusco-rubra,
706 2796 891 2870 subtiliter
920 2798 1060 2886 striata,
1098 2797 1347 2890 microscopio
1377 2796 1648 2888 dignoscenda

431 2923 534 2996 fibris
553 2923 638 2996 libri
657 2924 880 3017 plerumque
900 2925 1167 3013 lusiformibus
1188 2928 1248 2997 sat
1265 2923 1452 3012 brevibus
1471 2925 1647 3018 perfecte

430 3050 650 3123 incrassatis
698 3057 735 3123 et
780 3049 973 3139 induratis,
1021 3050 1195 3124 radiatim
1247 3072 1315 3144 per
1357 3050 1646 3143 endophloeum

432 3177 621 3271 dispersis,
643 3177 796 3270 Saporis
816 3184 875 3250 est
894 3178 1013 3250 amari
1034 3183 1071 3251 et
1090 3177 1368 3270 adstringentis.

538 3303 667 3377 Pulvis
707 3303 853 3377 corticis
893 3326 913 3378 e
950 3305 1223 3393 rubro-fuscus
1271 3304 1310 3377 in
1347 3306 1479 3379 tubulo
1518 3306 1642 3379 vitreo

433 3432 688 3521 candefactus,
712 3431 834 3524 picem
853 3431 1035 3524 liquidam
1050 3432 1206 3524 pulchre
1227 3432 1443 3506 coccineam
1462 3438 1499 3506 et
1518 3438 1643 3507 tenta-

431 3559 524 3633 mini
558 3558 730 3651 sequenti
764 3559 933 3634 chemico
971 3557 1175 3649 subJectuS,
1212 3559 1362 3632 basium
1398 3560 1642 3652 propriarum

431 3709 508 3761 non
532 3688 659 3761 minus
687 3708 802 3779 quam
825 3687 1036 3760 incentum
1066 3687 1236 3779 partibus
1268 3692 1345 3760 tres
1379 3693 1415 3760 ct
1441 3687 1641 3760 dimidiam

430 3815 620 3906 praebeat.

543 3943 762 4017 Grammata
776 3942 906 4034 viginti
922 3941 1079 4016 Corticis
1095 3941 1237 4016 Chinae
1248 3942 1436 4035 pulverati
1449 3941 1489 4014 in
1503 3964 1639 4018 cucur·

432 4072 511 4145 bita
556 4072 635 4144 noti
679 4071 857 4163 ponderis
895 4071 1126 4144 misceantur
1173 4092 1259 4143 curn
1298 4070 1429 4163 viginti
1474 4078 1641 4164 quatuor

437 4201 615 4294 grammis
655 4201 760 4273 calcii
798 4199 1074 4292 hydrooxydati
1111 4205 1280 4274 recenter
1316 4199 1437 4292 parati
1475 4205 1513 4274 et
1551 4220 1640 4272 curn

434 4328 612 4420 grammis
633 4328 917 4420 quadringentis
938 4328 1092 4421 spiritus
1107 4327 1184 4401 vini
1205 4327 1444 4402 concentrati.
1464 4327 1640 4403 Pondere

434 4456 647 4529 cucurbitae
674 4477 753 4529 una
773 4477 903 4529 eorum
924 4476 1021 4547 quae
1046 4455 1177 4530 insunt
1206 4455 1345 4529 trutina
1365 4455 1582 4528 examinato
1605 4464 1641 4531 et

434 4589 574 4672 notato,
595 4583 788 4656 cucurbita
807 4605 893 4655 curn
913 4588 1098 4676 apparatu
1117 4581 1388 4674 refrigeratorio
1404 4587 1488 4674 apte
1504 4581 1642 4674 juncta

435 4716 644 4803 exponatur
682 4711 804 4783 calore
841 4712 978 4784 balneo
1016 4710 1166 4803 vaporis
1204 4732 1272 4802 per
1310 4709 1443 4782 horam
1481 4711 1641 4804 saepius
