3576 5454
661 555 901 632 -e15-

546 771 721 880 lladix
745 769 1019 881 Althaeae.

293 993 441 1067 Althaea
461 995 649 1090 officinalis
667 996 814 1084 Linn,
834 997 932 1070 vide:
955 997 1058 1068 Folia
1079 997 1252 1070 Althaeae.

293 1122 403 1195 Rami
432 1125 568 1197 radicis
599 1125 757 1212 carnosi,
786 1123 934 1216 rejectis
963 1125 1132 1217 partibus
1160 1126 1315 1217 lignosis
1346 1131 1382 1198 et

185 1249 349 1338 cariosis,
371 1253 497 1325 stratis
519 1253 760 1325 exterioribus
782 1252 928 1325 corticis
954 1253 1098 1326 liberati
1120 1259 1157 1325 et
1180 1254 1317 1343 siccati,
1343 1253 1381 1324 in

184 1375 312 1450 frustis
329 1378 453 1452 variae
468 1379 718 1471 longitudinis
729 1401 848 1452 unum
859 1379 906 1452 ad
917 1401 1035 1452 unum
1046 1386 1082 1453 et
1093 1381 1284 1453 dimidium
1296 1403 1380 1453 cen-

184 1502 374 1578 timetrum
395 1508 544 1596 crassis,
568 1507 850 1598 subcylindricis
871 1512 935 1580 aut
950 1509 1084 1580 obtuse
1105 1509 1381 1600 quadrangulis

187 1631 225 1702 in
246 1634 442 1725 superficie
464 1656 578 1726 saepe
608 1635 680 1707 late
702 1635 927 1722 subsulcata,
958 1635 1082 1707 albida
1110 1636 1169 1707 vel
1198 1636 1380 1709 subflave·

186 1765 313 1832 scente
347 1762 473 1853 paruis
504 1761 734 1834 cicatricibus
764 1761 982 1834 fibrillorum
1019 1761 1156 1834 radicis
1196 1763 1382 1836 subfuscis

186 1887 319 1959 obsitis
341 1893 377 1960 et
398 1889 627 1961 tenuissimis
646 1889 729 1960 libri
758 1889 955 1977 fasciculis
982 1889 1225 1962 mundatione
1247 1890 1382 1962 radicis

186 2013 328 2102 solutis
359 2016 665 2103 subtomentosis
694 2016 731 2087 in
748 2016 914 2088 sectione
942 2017 1103 2105 mitibus
1130 2017 1315 2105 farinosis,
1344 2018 1381 2089 in

185 2141 346 2214 fractura
364 2141 719 2236 frbroso-granulata
743 2143 849 2230 albis
875 2143 1001 2214 odoris
1022 2144 1154 2216 debilis
1173 2145 1382 2236 peculiaris,

187 2269 332 2361 saporis
352 2271 620 2362 mucilaginosi,
641 2271 872 2344 dulciusculi.

296 2397 338 2469 ln
367 2399 530 2472 sectione
559 2405 775 2472 transversa
806 2397 899 2471 liber
932 2398 1193 2472 delicatissime
1228 2406 1264 2472 ct
1293 2401 1381 2472 den-

188 2523 347 2612 sissime,
385 2526 529 2618 lignum
553 2527 720 2618 amplum
740 2525 902 2597 centrale
921 2526 983 2598 vix
1004 2525 1195 2599 evidenter
1212 2527 1383 2600 radiatim

189 2652 369 2725 striatum.
429 2653 508 2747 Ope
546 2653 781 2745 microscopii
828 2653 866 2725 in
909 2654 1200 2745 parencbymate
1239 2655 1384 2727 corticis

187 2778 352 2871 lignique
373 2782 496 2872 amylo
517 2786 694 2870 scatente,
714 2781 861 2852 utriculi
882 2781 1165 2872 mucilagiuiferi
1192 2781 1383 2854 numerosi

188 2907 437 2980 inveniuntur.
832 2910 835 2916 ’

295 3034 337 3106 ln
372 3042 581 3109 mercatura
609 3036 770 3108 occurrit
802 3035 908 3108 radix
940 3038 1160 3129 plerumque
1195 3036 1317 3108 scissa
1345 3036 1384 3107 in

189 3161 356 3234 frustulis
385 3163 663 3252 subcuboideis
695 3163 908 3236 albissimis.
931 3165 1029 3238 Cave
1059 3186 1106 3236 ne
1132 3164 1180 3236 sit
1199 3162 1384 3254 ejusmodi

189 3311 293 3362 merx
312 3296 460 3364 vetusta
480 3291 595 3364 calcio
622 3291 798 3364 sulfurico
827 3297 913 3364 usto
942 3292 1125 3378 dealbata,
1151 3291 1253 3382 quod
1278 3291 1384 3364 facile

190 3417 487 3510 dignoscendum
513 3419 683 3492 examine
718 3419 914 3492 sedimenti
941 3420 1074 3492 mercis
1105 3440 1203 3510 aqua
1229 3418 1384 3490 lavatae.

299 3543 470 3642 Sprupas.
492 3545 634 3640 Species.
658 3544 790 3641 Species
802 3547 1001 3641 pectorales.

535 3867 711 3978 lladix
736 3867 1044 4010 lngelicae.
1125 3971 1128 3978 .

300 4091 552 4186 Arclrarpelim
581 4090 769 4187 apellata
796 4091 1052 4180 Hoffmann,
1071 4093 1200 4184 planta
1228 4093 1386 4181 biennis

190 4222 228 4292 in
254 4220 460 4312 subalpinis
483 4221 690 4313 paludosis,
723 4222 907 4314 imprimis
935 4221 1105 4313 Europae
1131 4221 1291 4293 borealis
1312 4241 1386 4292 cre-

193 4369 315 4435 scens,
350 4349 448 4439 apud
474 4369 545 4421 nos
579 4349 618 4422 in
637 4350 757 4422 hortis
791 4349 1015 4422 rusticorum
1049 4369 1126 4420 non
1158 4369 1243 4420 raro
1278 4348 1386 4420 culta.

200 4473 449 4570 Untbellp‘erae.

301 4602 403 4674 Marx
438 4608 585 4676 constat
619 4624 664 4675 ex
699 4603 848 4677 caudice
869 4603 983 4693 brevi,
1015 4605 1061 4676 ad
1085 4626 1152 4676 sex
1172 4603 1389 4676 centimetra

194 4753 333 4820 crasso,
355 4753 505 4804 sursum
524 4733 684 4805 tenuiter
704 4733 894 4825 densaque
914 4734 1092 4806 annulato
1114 4739 1150 4805 et
1170 4732 1390 4824 vaginarum
