3574 5454
935 553 1143 626 ⁴92*

549 769 718 844 Residuo
738 771 864 844 denuo
885 771 1036 844 affunde
1056 771 1257 845 mixturam
1278 792 1324 844 ex

577 895 744 976 lotheris

440 1031 476 1098 et
579 1128 735 1234 Spiritus
751 1105 828 1210 Vini
849 1135 1071 1213 conuentrutl
1093 1135 1139 1207 o'u
1157 1137 1326 1231 qrarrmtis
1345 1135 1498 1209 ducentis
1567 1136 1657 1208 000

441 1267 623 1356 paratam,
640 1265 813 1357 hancque
825 1265 1080 1358 operationem
1094 1270 1246 1357 repetas
1262 1265 1380 1338 donec
1395 1266 1520 1359 liquor
1530 1266 1656 1358 plane

440 1392 591 1465 decolor
610 1393 816 1467 defluxerit.

549 1519 581 1590 A
600 1519 808 1611 liquoribus
834 1519 997 1592 obtentis
1009 1524 1046 1592 et
1055 1518 1154 1592 inter
1168 1540 1209 1592 se
1225 1519 1435 1592 commixtis
1450 1519 1654 1593 aetherem

441 1652 477 1718 et
512 1645 686 1738 spiritum
726 1646 801 1718 vini
837 1645 1066 1720 destillando
1099 1645 1276 1719 abstrahe
1306 1650 1343 1718 et
1375 1646 1574 1719 residuum
1611 1646 1652 1718 in

439 1773 574 1847 balneo
595 1774 776 1866 aquaem
799 1779 1007 1848 extractum
1028 1781 1138 1848 tenue
1157 1774 1333 1868 inspissa.

548 1902 644 1976 Ante
666 1902 989 1996 dispensationem
1011 1923 1237 1995 conquassa.

467 2191 977 2303 mirantum
1011 2191 1301 2304 metere
1336 2190 1627 2304 martu-
1684 2213 1687 2218 ·

440 2374 540 2467 Rpe:
576 2373 719 2452 ballote
740 2371 858 2452 llllets
878 2374 1370 2472 narlsrmmtlsnntlatae‚
1383 2376 1540 2452 simulne

604 2508 641 2580 et
659 2526 787 2605 grosse
808 2502 1022 2606 pulveratae

985 2639 1186 2728 brommato
1206 2632 1351 2705 ducenta
1562 2632 1650 2703 ⁶200

435 2787 436 2790 ¹
549 2757 679 2851 Ingere
699 2759 739 2832 in
758 2767 982 2854 apparatum
1003 2761 1256 2853 depulsorium
1277 2767 1315 2834 et
1333 2760 1483 2833 affunde

576 2883 743 2964 Aetheris
987 2895 1189 2985 qrammata
1209 2887 1465 2985 quadrirryenta
1560 2889 1651 2959 400

441 3019 625 3107 apparatu
645 3015 773 3088 clauso
793 3035 946 3088 macera
965 3037 1032 3108 per
1051 3016 1219 3090 biduum.

549 3142 708 3236 Liquore
730 3127 878 3216 defluxo
899 3145 1022 3217 denuo
1042 3130 1193 3217 affunde
1213 3144 1353 3217 iteratis
1374 3123 1516 3216 vicibus

577 3268 743 3346 letberto
986 3294 1012 3344 s.
1036 3297 1080 3368 q.,

442 3398 562 3471 donec
581 3397 704 3491 liquor
723 3399 875 3472 decolor
895 3399 1101 3473 defluxerit.

550 3524 582 3596 A
629 3526 836 3618 liquoribus
886 3526 1096 3600 commixtis
1140 3525 1332 3600 aetherem
1389 3523 1651 3598 destillatione

442 3652 620 3728 abstrahe
641 3658 678 3726 et
696 3653 894 3726 residuum
914 3653 987 3726 leni
1016 3655 1140 3727 calore
1160 3654 1200 3726 in
1220 3653 1357 3726 balneo
1379 3673 1501 3744 aquae
1522 3651 1562 3724 in
1584 3671 1651 3722 ex-

440 3786 602 3854 tractum
621 3786 732 3855 tenue
753 3781 929 3874 inspissa.

549 3909 751 3983 Miscentur
770 3915 857 3982 ante
878 3908 1210 4002 dispensationem.

705 4158 1020 4268 llxtruomm
1046 4157 1364 4269 Gentianae.

441 4343 538 4436 Rpe:
574 4342 720 4421 bartels
742 4343 937 4423 (lentiam
959 4344 1121 4422 nlnuthn
1143 4343 1312 4423 eonotsae

867 4511 868 4514 ¹
987 4480 1187 4571 qramlnatu
1208 4473 1395 4570 quinqeuta
1566 4475 1649 4546 500

577 4599 697 4701 Aquae
717 4599 926 4680 destlllatae
947 4599 1103 4702 frigidae

985 4735 1222 4825 maminotum
1244 4728 1316 4799 tria
1337 4727 1460 4799 ririltia.
1537 4729 1651 4801 3000
