3574 5454
892 553 936 562 -
972 509 1048 584 rar
1080 551 1130 566 .-

814 723 963 833 llnlia
990 724 1194 835 uncae.

517 947 608 1020 Thea
625 946 808 1020 Utinensis
823 949 956 1039 Linn,
966 950 1089 1023 frutex
1099 949 1138 1022 in
1147 949 1275 1022 Indiae
1285 948 1476 1022 orientalis
1487 970 1603 1040 regno

405 1075 543 1147 Assam
563 1074 774 1167 indigenus,
795 1076 943 1166 ibidem,
964 1078 1003 1148 in
1023 1076 1146 1149 China
1173 1098 1243 1150 nec
1271 1097 1348 1148 non
1376 1076 1417 1149 in
1435 1075 1604 1168 Japonia,

403 1200 506 1290 lava,
527 1201 683 1274 Brasilia
703 1203 859 1296 aliisque
880 1203 987 1277 terris
1007 1204 1159 1296 tropicis
1178 1203 1309 1277 sedulo
1331 1203 1464 1276 cultus.
1498 1202 1603 1274 Tern-

405 1330 650 1402 stroemiuceae.

511 1456 613 1531 Folia
642 1457 889 1532 diversimode
918 1461 1142 1549 praeparata
1172 1462 1208 1530 et
1236 1459 1387 1530 siccata.
1433 1457 1603 1530 Duorum

403 1585 613 1657 secundnm
642 1586 816 1673 colorem,
846 1589 910 1657 aut
939 1583 1186 1676 nigricantem
1215 1590 1280 1657 aut
1313 1584 1603 1658 viridescentem

402 1712 603 1804 praecipue
633 1713 892 1786 distinctorum
922 1713 1055 1784 mercis
1075 1731 1264 1803 generum,
1285 1713 1323 1784 in
1344 1712 1503 1784 officinis
1524 1733 1603 1785 ser-

401 1843 508 1911 vetur
540 1840 683 1932 optima
715 1841 849 1933 prioris
878 1839 1051 1928 varietas
1087 1839 1157 1912 sub
1188 1840 1339 1913 nomine
1368 1837 1604 1936 „Souctoaffl

400 1970 590 2058 prostans,
601 1967 690 2041 folia
702 1967 846 2059 maj0ra
857 1973 894 2040 et
908 1967 1056 2040 minora
1072 1967 1221 2055 sistens
1239 1967 1458 2060 plerumque
1473 1971 1603 2040 exacte

400 2095 601 2168 convoluta
633 2095 672 2167 in
699 2094 859 2168 frustula
886 2094 1176 2182 subfusilormia,
1206 2099 1361 2166 arcuata
1380 2100 1416 2167 et
1435 2099 1601 2182 curvata,

400 2221 554 2312 fragilia,
576 2223 709 2296 coloris
730 2245 749 2296 e
767 2223 873 2294 fusco
891 2221 1118 2313 nigricantis
1139 2220 1265 2294 odoris
1280 2221 1480 2314 peculiaris
1496 2221 1602 2313 grati,

400 2349 546 2441 saporis
566 2348 818 2438 amariusculi‚
838 2349 984 2422 modice
1003 2349 1284 2442 adstringentis.

512 2477 623 2569 Aqua
641 2477 782 2550 fervida
798 2476 961 2549 emollita
977 2482 1013 2549 et
1028 2477 1210 2569 explicata
1225 2478 1384 2551 frustula
1399 2477 1604 2550 ostendunt

403 2603 580 2676 loliorum
599 2605 806 2696 fragmenta
823 2603 1006 2696 ampliora
1021 2609 1087 2676 aut
1100 2604 1189 2677 folia
1204 2604 1423 2695 subintegra
1439 2605 1601 2696 oblonga

401 2731 460 2803 vel
494 2729 896 2822 oblongo-lanceolata,
930 2732 969 2803 in
1002 2731 1181 2823 petiolum
1214 2732 1368 2806 brevem
1396 2736 1599 2818 attenuata,

373 2843 374 2846 ¹
401 2859 504 2951 apice
524 2859 662 2932 obtusa
681 2859 740 2930 vel
760 2858 1002 2948 emarginata,
1023 2858 1190 2950 margine
1219 2859 1598 2947 hamato-serrulata,

400 2986 572 3076 apicibus
593 2985 866 3060 denticulorum
887 2985 1147 3076 cartilagineis,
1169 2986 1381 3077 subglabra‚
1410 2986 1496 3078 pilis
1516 3007 1598 3078 par·

400 3112 573 3201 cissimis,
608 3112 742 3204 longis
778 3114 907 3200 acutis
939 3114 1184 3205 simplicibus,
1215 3113 1530 3201 unicellularibus
1559 3112 1597 3185 in

399 3240 647 3334 mesophyllO,
682 3241 902 3333 praesertim
932 3242 980 3314 ad
1009 3241 1207 3315 fasciculos
1241 3262 1419 3313 vasorum
1457 3240 1598 3313 cellulis

399 3367 506 3438 valde
536 3367 755 3441 incrassatis
781 3368 1168 3460 sclerenchymatosis,
1199 3368 1333 3441 mirum
1365 3367 1403 3442 in
1441 3369 1596 3441 modum

398 3495 582 3568 formatis,

507 3623 605 3696 Cave
642 3645 690 3697 ne
728 3623 805 3696 sint
842 3623 1049 3698 adulterata
1077 3624 1174 3698 soliis
1203 3623 1340 3712 Theae,
1365 3623 1446 3716 Jam
1484 3627 1597 3696 antea

396 3750 1593 3843 inusumdomesticumadhibitisnecfoliisaliarurnplantarum.

685 4091 835 4199 llelia
860 4090 1076 4200 'l'rilnlii
1102 4091 1303 4200 librini.

504 4314 723 4410 Menpaatlres
742 4314 913 4407 trifolium
932 4316 1062 4404 Linn,
1082 4316 1211 4408 planta
1225 4314 1399 4407 perennis
1414 4313 1592 4406 palustris

394 4443 578 4534 indigena.
606 4442 866 4515 Gentianaceae.

500 4568 1592 4662 Foliaternatalongepetiolaraperiolovaginante,foliolis

392 4698 675 4787 subsessllibuS,
691 4696 862 4771 ovalibus
878 4698 935 4770 vel
956 4697 1138 4787 oberans,
1160 4699 1324 4791 quinque
1340 4698 1388 4770 ad
1404 4703 1487 4771 octo
1504 4719 1589 4770 cen-
