3502 5454
648 558 861 632 ..35-

293 773 412 873 Aquae
590 784 826 874 yrummutum
847 784 997 874 quatuor
1015 779 1139 853 millia.
1244 781 1352 854 4000

264 901 412 976 Macera
431 925 499 996 per
519 903 717 979 duodecim
737 905 862 996 homa,
882 910 964 979 tum
984 906 1160 980 abstrahe

590 1040 827 1129 yrammutum
847 1033 915 1106 duo
935 1033 1059 1106 millia.
1246 1036 1352 1109 0000

528 1355 681 1496 llqua
708 1354 985 1473 Gaulardi.

155 1596 253 1688 Rue:
276 1590 415 1671 l’lumlrl
435 1594 565 1672 neellel
585 1594 695 1673 basiat
717 1596 826 1674 soluti

590 1734 788 1821 qrammuta
803 1725 872 1798 duo

293 1849 413 1950 Aquae
593 1857 791 1947 qrammata
810 1859 939 1924 centum

292 1976 449 2076 Splrltus
468 1975 543 2054 vul
563 1975 672 2054 dilull

589 2113 788 2200 qruurmutu
808 2108 970 2202 quinque.

265 2233 319 2305 Ex
337 2237 504 2327 tempore
524 2238 688 2326 paretur.

320 2562 557 2694 Aqua
594 2553 1189 2673 laureacensi.

267 2781 322 2854 Sit
347 2782 570 2855 subturhida
588 2784 647 2856 vel
670 2783 835 2875 limpida,
866 2781 992 2854 odoris
1018 2785 1055 2854 et
1075 2781 1221 2874 saporis
1241 2803 1353 2874 pene·

157 2908 292 2982 trantis
323 2909 394 2982 olei
423 2909 586 2982 aetherei
624 2909 907 3000 amygdalarum
936 2929 1164 2996 amararum,
1202 2908 1353 2981 minime

156 3036 285 3109 dulcia.

267 3162 465 3237 Contineat
491 3163 529 3236 in
562 3162 700 3234 milesiis
733 3161 903 3257 partibus
934 3169 1078 3259 purtem
1115 3186 1223 3235 uuam
1259 3162 1355 3236 acidi

156 3289 432 3382 hydrocyaniei,
448 3291 550 3384 quod
567 3291 699 3363 eadem
710 3311 834 3383 opera,
847 3290 970 3384 qualis
985 3311 1054 3383 pro
1071 3290 1354 3363 determinanda

157 3418 366 3510 quantitate
405 3417 500 3490 acidi
534 3418 798 3510 hydrocyaniei
836 3419 875 3491 in
913 3417 1023 3511 Aqua
1060 3418 1354 3510 Amygdalarum

157 3566 371 3618 amararum
388 3544 619 3638 praescripta
639 3549 706 3634 est,
727 3545 953 3637 exploretur.

265 3671 441 3746 Servetur
459 3673 542 3746 loeo
563 3673 722 3746 obscuro
743 3677 779 3746 et
797 3671 942 3764 frigido.

535 3995 688 4136 llqua
713 3994 978 4112 Melissae.

155 4221 259 4313 Rpe:
298 4215 478 4296 Foliorum
499 4217 661 4296 Melissae
682 4218 907 4296 aaralsumm

588 4353 784 4443 qrarnmala
804 4345 1054 4443 quadrinyentu
1271 4348 1351 4420 400

292 4471 411 4574 Aque
586 4479 821 4570 yrammalum
839 4497 895 4547 sex
914 4473 1037 4548 millia.
1242 4473 1349 4546 6000

264 4601 543 4676 Abstrahuntur

589 4734 824 4826 qrammatum
843 4727 912 4800 duo
932 4727 1055 4800 millia.
1244 4728 1349 4800 0000

1099 4865 1134 4922 3*
