3502 5454
920 561 1131 634 ...58-

424 773 590 847 admisce
606 773 751 874 Chinini
766 778 925 852 recentis
941 780 1060 874 parali
1081 781 1206 854 adhuc
1226 782 1370 856 humidi
1390 789 1427 858 et
1440 785 1541 858 bene
1556 786 1642 875 loti,

426 902 528 993 qnod
549 922 595 974 ex

534 1025 673 1104 obturat
694 1028 864 1108 sulinrlcl
1081 1037 1252 1131 precemis
1271 1037 1431 1111 tredecim
1451 1045 1484 1112 rt

1132 1163 1279 1236 dimidio
1543 1168 1640 1240 13·5

423 1308 494 1378 ope
515 1287 609 1359 acidi
638 1286 804 1360 sulfurici
833 1287 871 1360 in
895 1310 995 1380 aqua
1020 1289 1207 1364 destillata
1231 1294 1413 1367 solvendo
1442 1300 1479 1368 et
1507 1295 1640 1368 natrio

422 1414 708 1506 hydrooxydato
730 1416 855 1488 soluto
875 1416 1155 1509 praecipitando
1176 1419 1378 1493 obtinuisti.

532 1541 724 1614 Solutione
749 1547 903 1634 peracta
933 1541 1127 1636 liquidum,
1162 1545 1200 1618 in
1232 1548 1359 1639 patina
1390 1549 1638 1640 porcellaneu

422 1668 653 1743 tenuioribus
680 1668 807 1744 stratis
833 1671 976 1760 illitum,
1006 1670 1080 1744 leni
1100 1673 1223 1746 calore
1253 1674 1301 1746 ab
1330 1675 1412 1747 luce
1442 1683 1637 1749 remotum

423 1794 548 1868 sicca·

530 1926 719 1998 Lemellae
738 1926 895 2015 nitidae,
926 1927 1149 2020 diaphanae,
1171 1928 1305 2001 coloris
1332 1950 1352 2001 e
1376 1928 1491 2002 rubro
1521 1929 1636 2016 fusci,

421 2053 566 2146 saporis
587 2053 703 2125 amari
723 2053 932 2146 ferruginei,
952 2054 990 2126 in
1011 2077 1111 2148 aqua
1129 2056 1230 2129 lente
1251 2055 1412 2148 quidem,
1434 2058 1502 2130 sed
1525 2058 1634 2129 omni

420 2180 671 2273 proportione,
692 2181 731 2254 in
750 2181 882 2274 spiritu
901 2180 976 2255 vini
994 2183 1151 2274 paulum
1170 2183 1361 2257 solubiles.

530 2308 673 2382 Solutio
716 2330 863 2400 aquosa
916 2309 1292 2401 hallo-ferrocyanato
1339 2309 1635 2402 praecipitatum

420 2437 632 2508 caeruleum
652 2436 822 2523 demittit;
845 2436 980 2529 quodsi
1000 2458 1086 2511 cum
1106 2437 1292 2510 solutione
1312 2459 1467 2530 aquosa,
1489 2437 1633 2510 additis

419 2563 531 2654 guttis
575 2564 766 2636 nonnullis
813 2563 923 2637 natrii
968 2564 1251 2656 hydrooxydati,
1307 2563 1438 2638 aether
1475 2565 1635 2658 aequali

420 2690 608 2764 volumine
642 2691 934 2784 conquassando
968 2693 1146 2765 miscetur
1178 2696 1216 2764 et
1248 2691 1295 2762 ab
1330 2697 1445 2766 strato
1475 2714 1632 2785 aquoso

421 2818 614 2910 sejunctus
636 2820 684 2892 ad
713 2819 856 2891 siccum
877 2823 1110 2912 evaporatur,
1137 2817 1341 2908 residuum,
1368 2821 1469 2911 quod
1490 2825 1633 2908 exstat,

419 2947 457 3018 in
496 2969 596 3040 aqua
628 2947 735 3020 acido
768 2947 1053 3039 hydrocblorico
1086 2945 1273 3020 acidulata
1309 2946 1487 3035 solutum,
1523 2969 1632 3039 aqua

420 3074 538 3147 chlori
559 3076 783 3148 succedente
805 3074 995 3147 ammonia
1015 3074 1139 3145 colore
1159 3073 1265 3145 viridi
1284 3072 1456 3146 inlicitur.

529 3203 704 3275 Servetur
724 3224 747 3275 a
765 3202 848 3275 luce
867 3207 1064 3274 remotum.

620 3523 903 3684 Chininum
928 3521 1416 3666 hydrochloricnrn.

527 3731 698 3822 Crystalli
732 3731 947 3819 aniculares
981 3729 1099 3818 albae,
1132 3727 1262 3802 nitoris
1295 3726 1435 3815 sericei,
1470 3727 1628 3820 saporis

418 3859 545 3948 amari,
579 3861 618 3932 in
651 3880 772 3952 aquae
806 3859 975 3952 partibus
1002 3857 1143 3930 circiter
1164 3856 1226 3943 34,
1255 3856 1372 3928 multo
1401 3853 1551 3926 facilins
1586 3855 1628 3926 in

417 3988 549 4081 spiritu
577 3987 653 4060 vini
682 4007 858 4060 necnon
890 3986 929 4058 in
963 3983 1226 4058 chlorolormio
1246 3982 1436 4056 solubiles
1473 3981 1625 4054 Solutio

417 4137 574 4208 aquosa,
606 4114 806 4188 reactionis
825 4113 1005 4201 neutrius
1035 4133 1112 4184 non
1131 4110 1330 4200 fluorcscit
1362 4108 1491 4183 addita
1520 4130 1627 4200 aqua

418 4243 533 4316 chlori
560 4249 596 4316 et
615 4242 805 4314 ammonia
826 4242 989 4314 colorem
1013 4239 1169 4312 viridem
1194 4238 1315 4326 nulrit,
1342 4258 1428 4309 curn
1461 4241 1624 4326 argento

417 4353 545 4444 uitrico
571 4370 854 4464 praecipitatum
884 4369 1011 4440 albuni
1031 4367 1150 4455 elficit,
1180 4366 1231 4440 itu
1258 4364 1420 4458 quidem,
1449 4368 1492 4435 ut
1523 4363 1626 4435 deci-

415 4506 623 4592 grammata
643 4500 717 4572 duo
743 4497 833 4570 salis
857 4497 895 4568 in
914 4494 1139 4568 centimetris
1165 4492 1306 4567 cubicis
1334 4491 1464 4562 decem
1493 4512 1623 4582 aquae

416 4628 621 4701 (lestillatae
637 4627 771 4713 solnta,
788 4624 942 4715 adjectis
958 4624 1100 4715 aliquot
1115 4621 1227 4714 guttis
1244 4618 1339 4691 acidi
1354 4616 1482 4704 nitrici,
1504 4619 1621 4691 centi-

414 4764 533 4830 metra
548 4754 680 4828 cubica
692 4754 856 4846 quinque
868 4750 1064 4825 solutionis
1085 4748 1227 4840 argenti
1246 4745 1365 4819 nitrici
1385 4746 1620 4818 volumetrici
