3574 5454
677 555 920 628 -149-

340 767 460 869 ique
481 768 691 848 destinam
711 769 851 847 ualidae
906 772 1078 868 oraminis
1095 771 1266 864 serrantia,
1322 773 1399 845 600

204 896 382 969 solutioni
402 899 561 971 tiltratae
582 897 678 970 adde

342 1019 436 1099 Kalii
451 1023 571 1124 jodati
625 1033 826 1124 qraaanata
845 1026 1106 1124 quinquaqinta
1350 1029 1400 1100 50

271 1152 309 1222 in
339 1149 458 1251 Aquae
479 1150 688 1231 testinata
747 1154 916 1250 aromatis
935 1153 1090 1225 ducentia
1323 1154 1400 1226 000

203 1278 337 1351 soluta.

311 1405 443 1479 Intime
464 1407 578 1479 mixta
597 1411 707 1496 stent,
729 1407 847 1480 donec
867 1407 1151 1500 praecipitatum
1177 1407 1400 1495 subsederit,

203 1533 303 1624 quod
318 1533 417 1607 filtro
437 1534 645 1624 collectum,
663 1555 762 1626 aqua
779 1534 967 1609 destillata
981 1535 1109 1624 lotum,
1130 1536 1200 1609 sub
1216 1540 1400 1628 tempera·

202 1664 287 1731 tura
329 1661 517 1733 ordinaria
560 1661 751 1750 siccatum,
795 1685 888 1736 vase
934 1664 1064 1736 clauso
1108 1662 1179 1735 luci
1217 1663 1399 1754 impervia

204 1794 385 1862 servetur.

308 1913 434 1988 Pulvis
467 1916 563 1989 laete
598 1917 807 2006 coccineus,
829 1918 867 1989 in
902 1918 1035 2010 spiritu
1060 1917 1135 1991 vini
1164 1917 1306 1991 fervido
1327 1938 1396 1989 nec

201 2061 277 2114 non
308 2042 347 2114 in
380 2065 488 2135 aqua,
524 2065 619 2136 quae
654 2045 794 2118 kaliuur
828 2043 1004 2136 jodatum
1040 2048 1098 2118 vel
1125 2045 1399 2136 hydrargyrum

201 2168 451 2243 hiehloraturn
475 2171 641 2245 solutum
660 2177 771 2260 tenet,
797 2193 842 2244 ex
868 2173 1012 2266 integro
1047 2172 1230 2245 solubilis,
1266 2170 1399 2245 Calore

200 2294 371 2387 liquescit
391 2300 428 2368 et
445 2297 582 2389 ignitus
611 2299 724 2392 plane
755 2301 890 2388 avolat,
921 2322 1083 2394 vapores
1120 2297 1293 2372 emittens
1327 2298 1398 2371 sub

199 2422 478 2514 refrigeratione
497 2425 535 2497 in
559 2427 757 2517 crystallos
783 2428 904 2500 flavas
931 2433 1121 2516 coeunteS‚
1147 2446 1244 2517 quae
1265 2425 1397 2518 paula·

201 2549 267 2622 tim
287 2551 452 2624 colorem
471 2552 627 2626 rubrum
645 2553 815 2627 induunt.

311 2677 453 2752 Salutio
488 2679 690 2772 spirituosa
725 2681 773 2754 sit
801 2680 959 2772 decolor,
987 2680 1187 2754 reactionis
1217 2680 1398 2769 neutriuS,

202 2806 394 2878 ammonia
413 2807 541 2880 addita
556 2808 678 2882 colore
695 2810 891 2883 dumtaxat
910 2809 1016 2882 fusco
1036 2807 1232 2897 inficiatur,
1248 2799 1398 2880 minime

202 2955 291 3006 vero
312 2934 436 3010 turbet
484 2992 491 3008 .

258 3061 353 3134 Cum
373 3083 472 3154 aqua
492 3063 677 3135 destillata
698 3069 905 3155 quassatus
925 3065 1046 3156 liquor
1065 3063 1225 3136 filtratus
1246 3068 1399 3154 argento

202 3189 332 3262 nitu'eo
352 3190 410 3261 vel
430 3210 532 3280 aqua
551 3188 856 3280 hydrosulfurata
875 3191 935 3264 vix
954 3191 1134 3265 turbetur.

205 3607 879 3744 Hydrarwram
934 3611 1404 3721 elularamm

696 3770 901 3882 mile

436 3946 875 4050 praecipitatione
894 3953 1161 4050 paratam.

572 4141 751 4223 Calonrel
773 4146 837 4222 via
860 4144 1038 4222 humida.

204 4337 306 4430 Rpo:
347 4335 564 4440 ilydrurgyri
585 4336 778 4417 biottoratt
799 4339 975 4416 oorrosiri

856 4475 1054 4566 yrammata
1075 4473 1208 4539 cautam
1327 4473 1402 4543 100

206 4594 311 4666 solve
331 4593 368 4665 iu

343 4719 461 4819 Aquae
481 4718 690 4798 destinatae
708 4727 945 4817 yraaaaatam
974 4720 1088 4793 tribas
1109 4721 1274 4793 rutilitas.
1298 4724 1402 4795 3000
