3576 5454
688 575 928 648 —243-

206 785 344 878 obliqui
363 787 438 861 hilo
458 788 586 862 leviter
599 791 794 882 impressa,
804 797 903 866 tosta
918 791 1141 884 laevissima,
1152 793 1279 884 nitida,
1291 793 1407 885 fusca,

206 912 319 1002 tenui,
347 911 475 1006 rigida,
500 914 728 1008 epidermide'
749 919 1018 1010 mucilaginosa
1043 917 1236 1008 instructa,
1265 919 1350 992 inde
1370 919 1408 992 in

207 1060 308 1130 aqua
331 1040 496 1113 emollita
514 1041 662 1134 lubrice,
688 1045 821 1117 nucleo
843 1044 969 1118 albido
989 1047 1049 1119 vel
1074 1046 1261 1138 subviridi,
1282 1047 1407 1138 amylo

206 1171 363 1258 carente,
385 1168 532 1260 saporis
552 1169 652 1242 mitis
672 1171 798 1259 oleosi
817 1170 921 1245 haud
940 1171 1091 1245 rancidi.

316 1293 525 1382 Quotannis
544 1296 775 1369 renovanda.

315 1419 450 1516 Species
469 1421 685 1495 mollientes.

535 1743 725 1853 Semen
751 1745 1078 1886 Myristione.

641 1973 739 2054 Nux
760 1978 987 2056 moschata.

315 2152 503 2249 Myristica
510 2151 691 2250 frequens
711 2151 811 2226 vide:
831 2151 957 2226 Muris.

314 2278 442 2354 Nuclei
462 2279 627 2372 seminis
647 2280 767 2353 torma
795 2281 894 2353 ovali
912 2285 978 2354 aut
996 2280 1237 2372 subglobosa,
1264 2281 1338 2355 duo
1359 2282 1406 2355 ad

60 2393 62 2398 ’
204 2407 275 2480 tria
304 2407 520 2480 centimetra
538 2407 577 2478 in
597 2407 785 2496 diametro,
814 2407 1024 2500 ponderosi,
1055 2411 1162 2480 extus
1190 2407 1402 2482 reticulato·

205 2532 343 2624 rugosi,
365 2533 539 2624 subfusci,
568 2535 786 2627 plerumque
814 2533 967 2628 pulvere
997 2534 1080 2606 albo
1110 2535 1291 2627 adspersi,
1322 2535 1407 2608 basi

205 2660 289 2749 hilo,
310 2659 413 2754 apice
434 2660 588 2734 chalaza
608 2661 701 2734 etin
719 2664 824 2753 parte
838 2660 951 2753 paulo
968 2661 1092 2734 minus
1110 2663 1405 2754 convexaraphe

204 2787 349 2860 sulcata
376 2787 556 2877 instructi,
586 2788 772 2861 albumine
792 2787 1031 2880 griseo-albo,
1060 2789 1402 2898 oleoso-sarinos0,

203 2913 285 2986 basi
314 2913 557 3005 embryonem
586 2915 816 3000 continente,
844 2914 950 3007 plicis
980 2915 1219 2988 membranae
1256 2915 1401 3007 integu-

204 3040 319 3113 menti
337 3039 503 3114 internae
524 3041 682 3116 obscure
702 3042 813 3115 fulvis
832 3042 1029 3133 ruminabo,
1049 3040 1176 3115 odon's
1198 3046 1235 3115 et
1255 3043 1403 3134 saporis

204 3167 335 3240 eximie
355 3169 555 3242 aromatici.

312 3295 441 3368 Nuclei
459 3294 604 3386 mucidi,
620 3296 734 3384 leves,
751 3296 798 3369 ab
818 3296 970 3368 insectis
991 3295 1143 3384 conosi,
1154 3317 1224 3369 nec
1243 3317 1321 3370 non
1336 3298 1401 3369 ob·

78 3505 80 3508 ,
202 3421 304 3512 longi
330 3426 367 3494 et
384 3421 555 3512 maJoreS,
585 3422 730 3515 sapon's
760 3427 797 3496 et
824 3421 950 3496 odoris
980 3422 1179 3513 debilioris
1199 3423 1405 3520 Myristieoc

193 3549 326 3642 fatuae
346 3549 540 3641 (Houtt.)
560 3549 769 3642 progenies
788 3549 1012 3641 rejiciantur.

311 3675 419 3773 Aqua
438 3675 634 3750 aromatica
651 3677 858 3772 spirituosa.
889 3674 1130 3748 Elmtuorium
1150 3677 1399 3750 aromaticum.

203 3801 364 3899 Spiritus
383 3803 606 3876 aromaticus.

568 4122 759 4232 Sumen
787 4122 1044 4260 Quercus.

317 4328 468 4420 Quercus
507 4327 743 4424 petiunculam
787 4335 824 4402 ct
865 4328 1017 4420 Quercus
1045 4330 1260 4425 sessiliflora,
1299 4332 1402 4405 vide:

210 4457 332 4530 Cortex
351 4456 512 4548 Quercus.

315 4583 465 4657 Semina
492 4589 640 4658 matura
669 4585 818 4674 siccata,
859 4585 1150 4676 exalbuminosa,
1181 4589 1355 4658 constant
1384 4609 1404 4660 e

204 4710 480 4801 cotyietonibus
502 4711 660 4801 duobus,
682 4732 794 4804 saepe
817 4733 894 4802 Jarn
922 4713 1116 4804 separatis
1146 4711 1318 4804 oblongis
1346 4714 1405 4786 vel

1191 4850 1241 4902 111*
