3598 5466
677 570 916 641 -u99-

196 788 299 859 solve
333 786 370 859 in
403 787 607 878 cucurbita,
631 807 728 879 quae
762 785 1018 859 circumducta
1051 787 1149 859 linea
1179 808 1397 860 mensuram

200 913 401 987 semilitrae
423 920 550 987 exacte
571 916 709 988 indicat
728 914 766 987 in

338 1039 459 1142 lqone
478 1039 687 1119 destinatae
708 1065 739 1137 q.
761 1065 804 1134 a,

198 1175 239 1239 01
261 1190 442 1243 mensura
461 1169 660 1242 semilitrae
680 1170 792 1262 plane
813 1169 1011 1260 repleatur.

307 1297 451 1370 Solutio
468 1297 615 1383 11110010,
638 1296 746 1388 cujus
763 1296 923 1388 quodvis
946 1297 1205 1368 centimetrum
1225 1296 1404 1369 cubicum

200 1425 411 1515 aequivalet
426 1424 717 1516 milligrammati
727 1423 791 1496 uni
810 1423 904 1495 acidi
921 1423 1198 1515 hydrocyanici,
1215 1424 1251 1496 in
1267 1426 1405 1516 lagena

203 1553 389 1626 exsiccata
409 1553 548 1646 optime
570 1554 700 1626 clausa
719 1559 899 1626 seruetur.
1418 1541 1423 1552 ⁹

262 1875 440 1962 Solutlo
456 1875 581 1960 Kolii
601 1876 1006 1979 hypermnngontoi
1026 1875 1341 1959 volumctrtca.

464 2046 498 2135 (1
525 2045 582 2119 cc
598 2076 645 2108 =
660 2045 833 2118 000010
855 2065 947 2137 grm.
967 2044 1140 2134 rinnon.

339 2225 433 2302 llelii
452 2225 771 2325 hypermangniet
792 2225 1028 2327 erystallisetl
1050 2225 1131 2326 peri

432 2361 630 2451 qrnmrnota
650 2355 721 2426 tria
740 2361 770 2426 et
787 2356 1071 2451 centiqronrmato
1089 2353 1228 2427 sedecim
1286 2355 1401 2427 aron

201 2481 436 2555 exactissime
462 2487 622 2574 pensata
651 2482 806 2556 immitte
835 2483 874 2554 in
894 2483 1136 2568 cucurbitam,
1167 2504 1263 2574 quae
1290 2482 1402 2555 unius

200 2609 306 2684 litrae
340 2631 560 2682 mensuram
594 2610 850 2684 circumducta
883 2610 982 2683 linea
1022 2614 1151 2682 exacte
1188 2609 1329 2683 indicat
1365 2617 1402 2682 et

205 2737 312 2810 solve
332 2737 370 2809 10

332 2861 454 2965 Aquae
474 2862 687 2942 0100111101ιο
708 2872 832 2940 000100
853 2886 895 2940 ee
915 2863 1157 2964 refrigeratae
1178 2889 1209 2960 q.
1233 2889 1276 2956 0.,

197 2997 236 3064 01
257 3013 333 3064 000
352 2992 436 3065 litra
455 2993 653 3066 solutionis
674 2991 895 3065 obtineatur.

306 3119 540 3192 Solutionem
579 3140 690 3192 serva
727 3119 765 3190 in
802 3118 939 3209 lagena
974 3118 1160 3191 exsiccata
1195 3118 1401 3210 epistemeo

197 3245 318 3317 vitreo
340 3245 471 3319 clausa
491 3268 513 3318 a
532 3246 615 3319 luce
636 3249 794 3317 remota.

282 3427 283 3432 ,
307 3373 436 3447 Stante
464 3372 674 3464 integritate
703 3372 921 3465 incorrupta
948 3373 1034 3446 kalii
1062 3373 1396 3465 hypermanganici

197 3500 355 3592 quodvis
416 3500 676 3573 centimetrum
738 3499 909 3572 cubicum
969 3499 1167 3572 solutionis
1229 3502 1395 3574 continet

197 3629 369 3701 0·00316
398 3633 610 3721 grammata
644 3627 728 3700 kalii
762 3627 1101 3720 hypermanganici‚
1138 3649 1224 3701 cum
1258 3629 1396 3721 quibus

198 3756 341 3829 0·0063
381 3761 593 3846 grammata
631 3755 727 3828 acidi
767 3755 899 3828 oxalici
934 3756 1167 3847 crystallisati
1202 3762 1399 3848 praesente

198 3883 303 3957 acido
332 3883 508 3955 sulfurico
538 3883 608 3954 sub
638 3886 891 3975 temperatura
924 3883 1022 3955 1000
1054 3884 1167 3975 plane
1196 3884 1396 3975 decompo-

196 4015 346 4084 nuntur.
385 4011 479 4083 Hinc
506 4010 679 4102 aequalia
707 4011 898 4083 volumina
932 4009 1161 4084 solutionum
1196 4016 1277 4084 tum
1309 4011 1396 4083 lralii

197 4136 531 4231 hypermangonici
569 4158 688 4229 quum
727 4138 1012 4212 alcalimetricae
1059 4161 1100 4213 se
1140 4139 1301 4212 invicem
1347 4139 1400 4212 ita

199 4267 488 4357 decomponunt‚
500 4270 541 4338 ut
550 4265 736 4338 reaclione
747 4271 918 4359 perracta
929 4267 1032 4339 color
1050 4267 1205 4361 liquoris
1226 4267 1398 4361 permixti

200 4400 264 4466 aut
282 4395 409 4466 nullus
429 4395 476 4467 011
502 4399 566 4466 001
586 4394 713 4467 addita
732 4399 839 4486 gutta
858 4394 942 4466 kalii
959 4394 1292 4488 hypermanganici
1313 4394 1397 4466 levi-

198 4527 253 4594 ter
273 4543 453 4595 rosaceus
475 4522 620 4595 evadat.
