3576 5454
659 551 901 622 -001-

184 769 313 860 primis
335 767 541 840 Bosucllioc
565 767 719 840 Corlcrii
737 768 977 840 Birdwood
994 774 1030 840 et
1045 768 1249 840 Bocuellioc
1263 768 1386 840 Rhon-

183 895 367 990 Dojionae
391 894 646 984 Birdlrood,
687 897 862 968 arborum
904 897 1161 988 indigenarum
1181 896 1220 968 in
1247 895 1385 969 Arabia

185 1023 338 1096 australi
386 1029 423 1095 et
467 1024 506 1095 in
542 1024 693 1116 regione
733 1024 953 1096 Somaliensi
991 1023 1135 1097 Africae
1184 1024 1382 1097 orientalis

186 1149 431 1222 Burseruccoc.

295 1278 465 1351 Occurrit
502 1278 540 1350 in
580 1279 706 1370 granis
747 1278 988 1370 subglobosis
1019 1279 1076 1350 vel
1106 1279 1289 1370 oblongis
1316 1279 1388 1372 pisi

185 1402 236 1475 ad
270 1426 463 1477 summum
501 1405 607 1477 nucis
643 1405 835 1496 juglandis
865 1406 1131 1496 magnitudine,
1171 1407 1385 1478 albo-flave-

188 1532 381 1603 scentibus
410 1532 468 1603 vel
498 1532 778 1622 11000-101101110,
819 1538 925 1605 extus
956 1533 1389 1627 abido-pulverulentis

188 1659 301 1749 (10110,
321 1658 523 1750 fragilibus
544 1660 765 1734 infractura
786 1660 970 1733 conchata
990 1681 1099 1733 cerae
1124 1661 1245 1733 instar
1263 1661 1381 1733 niten-

185 1786 298 1876 tibus,
317 1787 357 1859 in
370 1787 589 1878 fragmentis
606 1785 782 1861 tenuibus
798 1788 1018 1880 plerumque
1039 1789 1159 1876 010110,
1180 1789 1386 1880 pellucidis

187 1915 313 1987 odoris
334 1914 475 2003 debilis,
498 1936 612 2006 super
630 1917 761 2008 prunis
792 1916 989 1988 balsamici
1014 1916 1213 2005 notissimi,
1242 1916 1389 2009 saporis

189 2041 439 2115 amariusculi.

297 2169 492 2242 Masticata
506 2170 793 2262 gummi-resina
812 2171 995 2244 mollescit
1010 2177 1046 2245 et
1062 2194 1231 2246 massam
1253 2172 1389 2260 albam,

190 2297 502 2388 subglutinosam,
523 2319 622 2390 aqua
640 2299 727 2370 trita
747 2299 994 2371 emulsionem
1014 2299 1139 2372 albam
1159 2299 1327 2392 praebet.

299 2423 542 2519 11111111001111111
561 2449 792 2522 oxycroceum.

633 2715 952 2850 omum.

302 2933 468 3028 Papauer
486 2935 716 3029 somrzisenum
735 2936 868 3025 Lino,
889 2937 1018 3029 planta
1032 2958 1168 3026 annua,
1185 2937 1223 3008 in
1239 2935 1388 3008 Oriente

192 3061 371 3152 indigena
389 3061 512 3154 ibique
532 3063 693 3136 maxime
715 3064 823 3137 culta.
846 3064 1117 3159 I'opaveroceoe.

301 3187 444 3261 Soccus
464 3190 618 3276 1001000,
651 3190 690 3262 111
708 3190 801 3263 Asia
833 3191 977 3263 minore
1012 3211 1032 3262 e
1063 3191 1228 3283 capsulis
1258 3189 1390 3261 imma-

189 3314 282 3387 turis
322 3317 525 3389 vulneratis
575 3318 719 3392 elicitus
767 3327 927 3412 aereque
966 3320 1176 3392 induratus,
1223 3316 1393 3390 Occurrit

189 3442 409 3536 plerumque
438 3445 477 3516 in
501 3445 683 3538 placentis
712 3447 826 3539 paulo
846 3448 1084 3540 compressis,
1116 3444 1391 3519 disciformibus

189 3575 255 3644 aut
287 3571 540 3664 subglobosiS,
575 3573 663 3645 folio
697 3575 895 3666 papaveris
931 3580 1104 3648 accurate
1138 3572 1316 3646 involutis
1356 3575 1392 3644 el

190 3698 371 3772 fructibus
417 3698 570 3771 rumicis
632 3700 771 3792 speciei
828 3723 1102 3795 nonnunquam
1160 3699 1389 3792 conspersis

191 3827 377 3898 Recentes
388 3832 476 3899 sunt
486 3827 683 3915 molliores
700 3827 1184 3914 10100001011011010-10001,
1200 3827 1390 3912 humidae,

190 3959 353 4043 tenaces,
373 3955 592 4045 glutinosae,
613 3954 822 4028 exsiccatae
843 3957 969 4044 durae,
995 3957 1034 4028 in
1061 3957 1227 4029 fractura
1256 3974 1390 4045 granu-

190 4080 269 4153 lata
303 4102 349 4153 ex
371 4081 485 4155 rubro
518 4083 662 4170 fuscae,
693 4083 818 4155 odoris
850 4083 991 4177 proprii
1019 4081 1215 4172 narcotici,
1246 4080 1392 4174 saporis

191 4210 310 4281 amari
330 4213 367 4282 et
387 4210 493 4284 acris.

301 4336 429 4410 Pulvis
458 4359 477 4410 e
507 4337 605 4410 flavo
638 4338 778 4424 fuscus,
803 4335 1053 4428 microscopio
1083 4338 1309 4430 exploratus
1344 4355 1391 4406 110

189 4463 372 4556 praebeat
391 4487 508 4556 grana
528 4464 640 4556 amyli
661 4484 756 4536 neve
775 4463 979 4555 particulas
998 4463 1157 4556 aliciu'us
1172 4465 1267 4537 telae
1283 4483 1392 4553 vege-

190 4592 316 4664 tabilis
354 4592 516 4684 exceptis
553 4591 752 4684 perpaucis
786 4591 1004 4681 fragmentis
1045 4591 1211 4683 epithelii
1249 4591 1391 4663 fructus

190 4719 403 4810 papaveris.
