3576 5454
857 535 1144 614 ·-9.16-

422 755 594 831 soliorum
611 758 776 851 reliquiis
791 761 1147 854 purpurascentibus
1167 763 1325 849 comato,
1343 780 1507 832 unacum
1521 759 1619 832 radi-

424 885 545 975 cibuS,
577 908 622 958 ex
657 909 700 958 eo
734 887 899 979 undiquc
933 887 1221 980 prodeuntibus,
1256 887 1395 978 longis,
1424 887 1618 978 usquead

424 1014 587 1106 quinque
604 1013 816 1088 millimetra
835 1015 974 1088 crassis
995 1014 1236 1107 simplicibus
1249 1014 1433 1106 mollibuS,
1455 1015 1618 1098 sulcatis

424 1140 559 1215 cortice
599 1143 868 1234 crassiuscu10,
905 1149 1012 1217 extus
1051 1143 1313 1234 griseo-lusco,
1341 1143 1442 1215 intus
1471 1142 1618 1214 sordide

423 1269 518 1358 albo,
538 1271 577 1343 in
603 1271 769 1344 sectione
792 1277 1006 1344 transversa
1029 1277 1158 1343 notato
1182 1269 1424 1362 receptaculis
1448 1268 1618 1342 balsami·

424 1397 509 1469 ieris
526 1399 647 1487 fulvis,
667 1397 839 1471 radiatim
857 1398 1062 1490 dispositis
1075 1397 1318 1489 amplioribus
1339 1395 1489 1469 oriliciis
1508 1417 1615 1468 vaso·

424 1545 508 1598 rum
526 1526 616 1616 ligni
637 1525 806 1617 subitavi,
827 1547 957 1616 grosse
976 1525 1147 1598 radiatim
1168 1525 1295 1598 striati.

531 1690 653 1764 Radix
682 1691 882 1782 Angelicae
912 1695 969 1763 est
998 1689 1125 1762 odoris
1149 1689 1390 1782 penetrantis,
1420 1689 1616 1774 aromatici,

424 1818 569 1910 saporis
590 1819 696 1908 acris
718 1816 1011 1907 condimentarii,
1031 1817 1450 1908 subdulcisRejiciatur
1469 1817 1616 1888 insectis

424 1966 594 2033 corrosa;
622 1952 791 2019 servetur
810 1945 848 2018 in
868 1945 970 2019 vasis
990 1946 1087 2018 bene
1108 1945 1256 2017 clausis

534 2111 677 2182 Acetum
698 2111 939 2183 aromaticum.
960 2107 1201 2182 Electuorium
1221 2108 1463 2180 aromaticum.

804 2651 981 2761 Radix
1005 2651 1248 2759 Arnicae.

822 2917 1019 2996 Rhizoma
1041 2918 1230 2996 Arnicac.
1255 2983 1261 2997 .

532 3149 669 3221 Amica
689 3155 866 3244 rrrontona,
885 3148 988 3222 vide:
1010 3148 1132 3220 atores
1152 3149 1315 3221 Arnicae.

534 3295 720 3368 Rhizoma
758 3296 986 3368 lmrizontale
1025 3302 1089 3368 aut
1114 3296 1317 3388 obliquum,
1351 3315 1615 3388 praemorsmn,

428 3422 607 3496 siccatum
638 3423 964 3514 subcylindricum,
998 3424 1216 3515 plerumque
1246 3426 1439 3496 arcuatum
1464 3420 1521 3494 vel
1546 3421 1614 3510 sig-

427 3549 628 3632 moideum,
650 3573 770 3642 usque
802 3551 847 3622 ad
882 3572 1000 3623 unum
1029 3551 1271 3623 decimetrum
1296 3551 1460 3641 longum,
1485 3548 1554 3620 tria
1572 3547 1616 3619 ad

428 3679 591 3770 quinque
617 3678 828 3752 millimetra
857 3702 1037 3768 crassum,
1058 3701 1245 3772 asperum,
1267 3679 1616 3760 subtuberculatum,

430 3805 574 3894 durum,
596 3812 703 3878 extus
723 3807 1016 3894 rubro-fuscum,
1037 3808 1083 3880 ad
1106 3807 1377 3880 extremitatem
1397 3807 1615 3878 anteriorem

427 3932 543 4005 caulis
563 3933 810 4025 foliorumque
830 3935 989 4006 residuis
1011 3940 1047 4006 et
1067 3935 1304 4007 solummodo
1324 3934 1466 4007 inferne
1490 3932 1613 4006 radici-

427 4060 498 4131 bus
516 4061 687 4153 copiosis
708 4061 853 4133 circiter
867 4083 983 4135 unum
999 4062 1251 4135 millimetrum
1267 4062 1415 4148 crassis,
1431 4061 1615 4154 fragilibus

427 4187 662 4274 instructum,
683 4187 809 4260 odoris
831 4190 962 4261 debilis
983 4190 1185 4279 aromatici,
1215 4191 1361 4282 saporis
1382 4191 1616 4263 acri-aroma-

427 4310 499 4399 tici,
520 4312 584 4384 diu
602 4315 855 4404 permanentis
876 4319 912 4387 et
932 4315 1181 4387 amariusculi.

539 4458 661 4532 Sectio
682 4465 899 4534 transversa
916 4461 1135 4534 rhizomatis
1156 4461 1263 4534 offert
1279 4466 1436 4534 stratum
1453 4459 1617 4534 corticale

429 4592 489 4658 sat
521 4585 648 4675 latum,
683 4585 1003 4677 abido-griseum,
1022 4586 1062 4658 in
1094 4565 1247 4678 regione
1279 4586 1420 4677 intima,
1457 4585 1617 4678 proxime

428 4739 451 4788 a
478 4714 578 4805 ligno
608 4735 627 4785 e
657 4713 845 4786 fasciculis
879 4714 1169 4787 cuneilormibus
1199 4714 1411 4787 subcilrinis
1442 4720 1478 4786 et
1511 4712 1618 4786 radiis
