3574 5454
916 592 1126 664 ..98...

583 918 1089 1028 macenorum
1126 917 1455 1030 Sotltae.

529 1173 685 1247 Paretur
719 1196 738 1246 e
775 1174 896 1248 Bulbo
935 1174 1068 1248 Scillae
1108 1175 1246 1249 siccato
1286 1180 1322 1248 et
1357 1175 1552 1268 pulverato
1585 1177 1633 1244 ut

423 1301 636 1375 Extractum
654 1301 809 1375 Aconiti.

596 1848 1106 1960 Eutraotum
1132 1846 1452 1959 Seoatto

839 1993 1192 2106 cornute.

570 2255 815 2334 Extractum
837 2256 1189 2335 haemostaticum.
1209 2255 1460 2359 Ergotinum.

419 2449 517 2542 Rpe:
558 2446 696 2526 Suculis
716 2450 859 2527 cornuti
879 2473 1008 2552 grosso
1027 2449 1208 2552 pullenti
1262 2458 1461 2546 prenarrata

1320 2584 1448 2648 centrum
1542 2581 1621 2650 100

527 2703 658 2797 lngere
677 2706 716 2778 in
736 2711 959 2799 apparatum
978 2706 1235 2800 depulsorium
1255 2712 1291 2779 et
1310 2706 1461 2779 affunde

555 2831 677 2934 llqnc
697 2831 905 2910 destillans
1067 2841 1266 2929 praumato
1285 2831 1441 2906 ducenta.
1538 2837 1621 2907 000

528 2961 675 3034 Macera
693 2983 760 3054 per
780 2961 978 3035 duodecim
997 2961 1124 3050 horas,
1146 2966 1226 3033 tum
1245 2960 1429 3054 liquidum
1449 2961 1619 3034 defluens

420 3087 551 3179 collige
571 3092 608 3160 et
625 3089 664 3160 in
683 3087 819 3162 balneo
840 3109 960 3181 aquae
982 3088 1234 3161 calefaciendo
1256 3088 1424 3180 coagula.

527 3215 695 3290 Residuo
715 3217 857 3289 sensim
876 3216 1026 3288 affunde

553 3341 674 3443 Aque
695 3340 902 3419 destillant
1070 3349 1270 3440 prurumuta
1289 3348 1444 3414 trecenta.
1539 3343 1619 3415 300

527 3471 728 3565 Liquorem
756 3471 929 3562 guttatim
963 3471 1165 3543 stillantem
1199 3470 1328 3570 collige
1363 3470 1466 3542 etad
1487 3470 1619 3563 syrupi

420 3600 704 3673 consistentiam
725 3601 965 3692 evaporando
980 3599 1118 3692 redige,
1139 3599 1226 3672 dein
1241 3599 1357 3671 misce
1373 3620 1460 3671 cum
1474 3598 1619 3690 liquido

418 3725 539 3818 prima
576 3727 828 3823 maceratione
867 3728 1032 3816 obtento,
1072 3727 1173 3820 quod
1211 3727 1359 3799 interim
1398 3749 1421 3798 a
1458 3727 1620 3818 coagulo

418 3858 529 3925 enaio
545 3854 743 3927 filtratione
764 3859 970 3947 separetur.

526 3976 746 4074 Liquoribus
768 3981 980 4054 commixtis
1000 3982 1096 4053 adde

555 4103 809 4208 spiritualim
869 4107 1013 4202 triplam
1034 4108 1278 4204 quantitatem.

527 4233 633 4306 Stent
659 4235 810 4328 saepius
832 4235 1009 4326 agitando
1043 4256 1110 4328 per
1142 4234 1271 4328 viginti
1305 4243 1466 4328 quatuor
1498 4237 1620 4310 horas
1742 4259 1743 4281 ¹

417 4364 498 4433 tum
537 4361 746 4434 sedimento
785 4361 958 4454 deposito
991 4362 1090 4434 filtra
1123 4367 1160 4434 et
1192 4362 1375 4455 liquorem
1406 4363 1445 4434 in
1478 4362 1621 4435 balneo

419 4508 539 4579 aquae
560 4489 800 4580 evaporando
820 4488 859 4560 in
878 4493 1084 4560 extractum
1105 4488 1268 4581 spissum
1286 4488 1422 4580 redige.
1641 4488 1642 4492 ’

527 4615 668 4688 Solutio
697 4615 853 4688 extracti
881 4615 1032 4687 nonnisi
1070 4615 1208 4688 filtrata
1242 4615 1493 4707 dispensetur,
1531 4616 1564 4688 si
1599 4639 1624 4690 a

417 4743 563 4816 medico
583 4744 621 4815 in
640 4765 753 4816 usum
771 4743 1120 4836 hypodermaticum
1140 4744 1417 4836 praescribitur.
