3574 5454
908 504 1146 578 -176-

424 721 549 795 monia
567 727 708 815 parata,
728 722 850 796 natrio
869 722 1096 817 phosporico
1117 723 1369 799 sedimentum
1393 724 1522 798 album
1542 745 1619 817 cry-

422 851 614 924 stallinum
634 850 803 923 demittit.

529 1015 726 1089 Caeterum
750 1037 791 1088 se
812 1037 900 1107 erga
918 1017 1109 1108 reagentia
1128 1017 1309 1109 praebeat
1326 1021 1368 1088 ut
1387 1016 1617 1109 Magnesiurn

422 1143 671 1217 sorbonicum.

528 1307 742 1399 Magnesiae
771 1313 876 1381 ustae
907 1307 1104 1381 minimum
1125 1314 1328 1405 prammotu
1357 1312 1491 1380 centum
1520 1307 1619 1403 quin-

420 1433 591 1531 quaqinta
621 1436 730 1526 (150)
768 1456 917 1528 semper
948 1440 1122 1529 prompta
1155 1435 1241 1508 sint.
1279 1435 1386 1528 Aplis
1416 1434 1617 1507 intervallis

419 1562 642 1654 exploretur,
662 1582 753 1635 num
782 1563 888 1635 acido
917 1561 1200 1655 hydroehlorieo
1230 1561 1357 1635 addito
1388 1561 1614 1650 effervescat,

418 1689 519 1781 quod
549 1690 581 1761 si
609 1689 815 1780 accidisset,
844 1695 1106 1782 praeparatum
1131 1690 1298 1764 modicae
1327 1689 1497 1782 ignitioni
1527 1690 1614 1762 sub-

415 1817 572 1908 jiciatur.

526 1961 684 2034 lnservit
716 1984 815 2054 aqua
848 1962 975 2055 tepida
1009 1963 1168 2036 mixtum
1202 1984 1276 2055 qua
1308 1959 1515 2038 Antidotum
1549 1961 1614 2036 Ar·

418 2087 533 2166 saniei
552 2085 638 2166 alli.

659 2484 1001 2627 Magnesinnr
1027 2483 1361 2593 sulfurioum.

882 2749 948 2829 Sal
978 2773 1153 2830 amarus

526 2983 739 3076 Crystalluli
768 2981 1016 3075 prismaticae,
1055 2983 1173 3074 albae,
1199 2983 1239 3055 in
1264 2989 1350 3055 aere
1375 3004 1509 3076 parurn
1535 2981 1612 3055 fali-

417 3116 577 3200 scentes,
594 3132 694 3203 aqua
709 3110 841 3202 frigida
850 3109 1024 3182 facillime
1035 3111 1222 3184 solubiles.
1240 3109 1382 3184 Solutio
1393 3131 1550 3202 aquosa,
1561 3133 1612 3183 re-

415 3238 573 3312 actionis
587 3238 770 3328 neutriuS,
786 3237 914 3311 addito
928 3239 1044 3330 baryo
1059 3238 1190 3312 uitrico
1209 3238 1460 3312 sedirnenturn
1476 3239 1612 3326 album,

415 3367 454 3439 in
473 3367 587 3439 acidis
607 3365 802 3439 insolubile
823 3365 990 3454 demittit,
1017 3387 1088 3439 nec
1112 3387 1190 3439 non
1215 3365 1338 3439 natrio
1358 3365 1612 3460 phosphorico

415 3498 617 3586 praesente
643 3491 832 3566 ammonio
858 3493 1027 3564 chlorato
1054 3498 1092 3565 et
1116 3495 1307 3568 ammonia
1331 3493 1612 3587 praecipitatum

416 3620 672 3712 crystallinum
686 3622 853 3713 praebet.

524 3766 665 3839 Solutio
686 3787 834 3857 aquosa
852 3788 922 3840 nee
941 3787 1042 3860 aqua
1058 3765 1374 3859 hydrosulfurata‚
1383 3789 1454 3840 nec
1462 3767 1612 3859 adjectis

415 3894 604 3968 ammonio
625 3894 794 3966 chlornlo
821 3898 858 3967 et
876 3895 1077 3984 ammonia,
1104 3895 1294 3968 ammonio
1323 3895 1507 3968 sulfurato
1533 3917 1609 3967 rnu-

413 4025 512 4094 tetur
519 4043 527 4108 ;
554 4021 687 4094 eadem
707 4020 814 4093 acido
840 4021 971 4095 uitrico
1004 4022 1192 4095 acidulata
1220 4027 1375 4114 argento
1395 4022 1527 4096 uitrico
1552 4021 1610 4094 vix

414 4150 595 4221 turbetur.

520 4295 756 4387 Magnesium
777 4299 996 4371 sulfuricurn
1013 4319 1097 4371 curn
1114 4319 1214 4390 aqua
1230 4302 1266 4370 et
1279 4298 1397 4388 baryo
1414 4297 1609 4370 carbonico

413 4423 615 4496 excedente
640 4431 788 4500 coetum
812 4427 997 4518 liquorem
1021 4430 1208 4517 praebeat,
1230 4425 1293 4516 qui
1311 4425 1473 4498 filtratus
1504 4430 1542 4497 et
1565 4425 1608 4497 al

411 4549 554 4622 siccum
575 4558 813 4645 evaporatus
834 4552 1025 4625 residuum
1047 4573 1148 4643 aqua
1167 4553 1337 4643 solubile,
1360 4552 1539 4626 alcalinae
1557 4575 1608 4625 re-

412 4677 570 4750 netionis
592 4699 639 4750 ue
659 4679 856 4770 relinquat.
