3574 5454
677 521 916 592 *195-

196 738 441 830 plurivittatis
471 739 596 812 odoris
629 739 825 832 peculiaris
859 739 1063 827 aromatici,
1094 739 1240 831 saporis
1266 736 1394 810 fervidi

194 865 326 957 Juncta
345 865 551 938 dulcedine.

308 991 363 1065 Sit
392 999 574 1085 quantum
604 993 682 1064 lieri
702 999 825 1086 potest
840 992 1025 1085 stipitibus
1040 998 1077 1064 ct
1097 992 1252 1083 glebulis
1270 993 1396 1064 terreis

197 1121 351 1212 aliisque
373 1121 579 1214 quisquiliis
598 1121 699 1194 liber.

307 1249 471 1320 Carene
491 1268 595 1320 merx
615 1247 817 1320 commixta
837 1246 974 1321 habeat
1003 1247 1259 1340 sehizoearpia
1293 1245 1396 1318 Cum

200 1375 365 1447 iuuentuti
404 1374 577 1467 (Lina),
617 1397 712 1468 quae
760 1375 865 1448 lacile
891 1374 1168 1468 distinguuntur
1201 1376 1396 1468 superlicio

199 1523 355 1594 prorsus
390 1503 530 1594 glabra,
565 1504 679 1576 costis
716 1504 825 1577 valde
863 1502 1159 1595 prominentibus
1197 1501 1396 1575 undulato-

202 1630 413 1718 crenulatis,
447 1631 637 1703 valleculis
666 1630 836 1718 evittatis,
875 1629 990 1702 odore
1030 1629 1268 1725 (humectatis
1297 1629 1396 1702 kalio

202 1756 505 1849 hydrooxydatot
527 1757 668 1830 herbae
682 1757 787 1830 Conii
807 1763 844 1830 et
859 1777 994 1850 sapore
1010 1756 1160 1830 minime
1178 1757 1394 1830 aromatico.

311 1882 479 1978 Spiritus,
509 1885 691 1958 Decoclum
713 1883 976 1979 Sorsapan'lloe
1007 1886 1229 1980 compositum
1255 1883 1396 1978 fortius,

201 2011 343 2084 Paulae
357 2011 526 2084 locantes,

502 2407 727 2515 llructus
754 2405 1106 2515 dordomoml.

312 2665 485 2739 Etcttort'a
510 2666 779 2738 Cardamomum
799 2665 945 2738 White
967 2671 1003 2737 et
1021 2665 1183 2754 Meton,
1204 2667 1334 2759 planta
1357 2667 1396 2738 in

201 2795 304 2868 silvis
325 2795 514 2868 montanis
534 2794 759 2866 Malabariae
780 2799 999 2887 spontanea.
1021 2791 1294 2890 Ziuptdcraceae.

308 2923 493 3014 Capsulae
513 2921 640 2994 ovales
670 2927 733 2993 aun
762 2920 956 3012 oblongae,
981 2919 1113 2994 obtuse
1134 2921 1315 3012 trigonae,
1340 2943 1397 2993 ro-

201 3051 310 3124 stello
335 3049 450 3144 brevi,
478 3054 660 3136 truncato,
690 3069 842 3120 sursum
870 3048 1039 3121 tubulato
1069 3054 1280 3138 coronatae,
1314 3049 1396 3122 basi

201 3177 420 3270 plerumque
459 3176 681 3249 rotundatae
717 3180 754 3247 et
780 3175 924 3267 passim
956 3174 1115 3248 breviter
1143 3175 1397 3268 pedicellatae‚

201 3326 318 3377 unum
338 3305 387 3376 ad
407 3305 481 3377 duo
503 3303 722 3376 centimetra
739 3285 885 3394 longae,
901 3303 1108 3395 pericarpio
1120 3308 1228 3376 extus
1239 3305 1357 3396 longit
1384 3346 1396 3358 -

202 3431 373 3504 dinaliter
392 3431 533 3519 striato,
555 3431 691 3504 coloris
720 3429 911 3504 straminei
936 3431 996 3502 vel
1024 3430 1268 3517 tlavescentis
1289 3430 1395 3503 char-

201 3566 319 3646 taceo,
335 3559 465 3647 tenaci,
482 3558 725 3646 triloculares‚
741 3558 778 3630 in
793 3557 950 3650 singulis
966 3557 1225 3630 loculamentis
1237 3557 1397 3650 plerum-

202 3708 273 3778 que
293 3686 501 3759 seminibus
518 3685 691 3778 quinque,
709 3685 958 3778 irregulariter
973 3685 1169 3776 angulatis
1185 3690 1397 3759 transverse

129 3913 131 3918 Ι
201 3813 361 3906 rugosis
391 3813 478 3886 hinc
504 3814 608 3886 sulco
643 3813 815 3902 exaratis,
844 3835 889 3886 ex
917 3812 1030 3884 rubro
1058 3813 1182 3899 inscie,
1212 3813 1316 3886 arillo
1345 3819 1395 3886 te-

202 3942 362 4014 nerrimo
375 3942 662 4014 membranaceo
673 3939 825 4028 vestitis
834 3939 948 4028 duris,
959 3938 1060 4012 intus
1072 3940 1396 4031 albis‚amylaeei3‚

201 4069 327 4141 odoris
346 4068 509 4162 pergrati
529 4073 566 4141 et
584 4069 730 4140 intense
756 4066 959 4150 aromatici,
990 4066 1136 4159 saporis
1153 4067 1293 4140 fervide
1314 4088 1395 4138 aro-

202 4197 336 4269 matici.

309 4323 532 4396 Adhibenda
560 4318 702 4398 Semina
719 4321 857 4413 rejecto
885 4321 1092 4414 pericarpio
1121 4320 1247 4394 odoris
1276 4326 1313 4394 et
1337 4343 1396 4393 sa·

203 4451 307 4546 poris
345 4451 499 4544 experti.
543 4449 745 4540 Rejiciatur
782 4471 887 4522 merx
931 4448 1054 4520 minus
1092 4448 1295 4520 aromatica
1333 4447 1403 4520 sub

201 4581 350 4653 nomine
386 4578 659 4651 Cat-damonum
693 4577 832 4664 longara
870 4577 928 4648 vel
972 4573 1192 4671 Ceyluuicuru
1217 4582 1317 4664 nota,
1351 4575 1398 4648 si-

202 4711 307 4780 stens
337 4707 512 4798 capsulas
542 4705 659 4777 multo
702 4703 921 4791 validiorem
963 4703 1182 4795 plerumque
1216 4709 1400 4791 arcuatas
