3576 5454
642 573 882 648 -209-

271 789 446 863 Solvalur
487 791 563 864 fere
607 813 653 865 ex
686 792 832 884 integro
865 793 904 865 in
938 793 1044 866 acido
1079 793 1211 866 nitrico
1233 795 1361 884 diluto,

163 917 364 991 accedente
384 918 492 991 acido
513 919 658 992 oxalicc
679 925 715 991 et
734 942 834 1013 aqua
853 920 1005 993 fervida.

271 1060 516 1157 Ernplastrum
534 1061 657 1136 Minci.

453 1535 732 1644 Plumlmm
758 1537 1067 1670 oxydatum.

617 1765 916 1870 Lithargyrum.

269 1960 397 2033 Pulvis
437 1962 632 2034 subilavus
660 1962 719 2033 vel
748 1963 1089 2036 rubro-flavescens
1122 1965 1200 2038 sive
1230 1987 1360 2038 massa

162 2109 369 2180 squamosa
390 2089 561 2179 ejusdem
583 2090 729 2178 coloris,
750 2090 787 2161 in
808 2113 908 2182 aqua
935 2092 1159 2180 insolubilia,
1184 2093 1222 2164 in
1252 2092 1358 2164 acido

161 2216 291 2289 nitrico
330 2239 429 2309 aqua
467 2218 582 2290 diluto
621 2219 785 2309 perfecte
824 2218 994 2292 solvitur.
1042 2220 1196 2309 Solatia,
1226 2221 1358 2293 coloris

161 2367 303 2437 expers,
324 2367 423 2437 aqua
460 2345 783 2437 hydro-sulfurata
826 2345 984 2438 nigrum,
1033 2347 1139 2418 acido
1180 2349 1357 2420 sullurica

161 2472 298 2560 album,
355 2472 475 2545 natria
532 2471 818 2564 hydrooxydato
866 2474 1022 2548 solubile
1070 2475 1357 2568 praecipitatum

163 2600 331 2673 demittit.

271 2728 411 2820 Liquor
421 2728 712 2820 conquassando
723 2729 920 2820 plumbum
931 2731 1138 2822 oxydatum
1149 2753 1235 2804 cum
1250 2731 1357 2803 acido

162 2855 340 2929 sulfurico
375 2856 489 2928 diluto
522 2855 724 2928 filtratione
757 2857 934 2930 obtentus
969 2881 1035 2950 per
1073 2859 1357 2952 superadditam

161 2983 392 3055 ammoniam
408 2983 456 3056 sit
475 2985 626 3057 decolor
641 2985 699 3056 vel
715 2985 862 3058 nonnisi
882 2985 1045 3058 colorem
1067 2987 1356 3059 subcaerulcum

159 3109 301 3198 indual,
321 3131 390 3182 nec
407 3110 692 3204 praecipitatum
719 3112 957 3206 perceptibile
992 3113 1273 3187 rubro-luscum
1293 3115 1354 3186 de-

159 3243 287 3331 ponat.
307 3238 423 3310 Acidc
439 3238 577 3311 acetico
599 3239 714 3311 diluto
735 3240 966 3326 calefactum,
986 3263 1119 3332 pamm
1141 3241 1357 3314 effervescat

160 3370 196 3437 et
214 3365 418 3438 maximam
437 3371 583 3458 partem
609 3367 786 3439 solvatur.

255 3509 511 3692 lEmplastrum
567 3512 800 3586 adhaesivum.
857 3510 1102 3608 Emplastram
1161 3512 1355 3610 Diachyloa

158 3643 253 3716 simp
310 3678 317 3692 .

230 4070 379 4178 Pctic
406 4073 675 4213 Magnesii
701 4077 873 4182 clirici
900 4073 1279 4189 effervescens,

524 4303 750 4382 Limonada
774 4303 993 4407 purgativa.

153 4495 253 4588 Rpc:
290 4493 389 4572 loidi
410 4495 528 4573 clirici
581 4505 784 4595 prcmmatc
803 4497 979 4570 duodecim
1304 4499 1351 4570 ll

292 4619 462 4724 llagnesli
482 4621 666 4700 carbcnlcl
686 4623 867 4724 pulveratl
920 4632 1123 4722 pram-mala
1141 4633 1265 4722 septae
1330 4630 1349 4701 7

154 4749 261 4822 solve
280 4749 318 4822 in

208 4887 242 4930 m
244 4900 336 4932 aaaaa
337 4901 404 4944 paea·
1101 4895 1135 4948 14
