3502 5454
685 529 899 604 ..ΧΙ-

193 752 314 861 liarii,
350 747 504 867 quibus
542 749 587 834 in
619 749 849 864 provinciis
889 749 949 836 rei
987 747 1254 837 medicinalis
1289 780 1391 839 cura

196 914 338 1002 delata
386 923 460 1022 est,
518 912 677 1028 aliique
727 913 826 1000 artis
871 912 1066 1001 medicae
1113 926 1155 1001 et
1186 917 1389 1031 pharma-

195 1081 384 1166 ceuticae
408 1077 591 1165 consulti
613 1079 867 1164 sententiam
890 1077 1048 1188 darent,
1079 1089 1221 1165 utrum
1245 1079 1389 1196 dispo-

195 1245 369 1330 sitiones
391 1244 435 1328 in
458 1241 648 1328 elenchis
671 1242 801 1329 initae
826 1241 1047 1328 desideriis
1076 1242 1315 1330 medicinae
1339 1273 1390 1331 ac

195 1407 439 1520 indigentiis
464 1407 715 1493 commercii
744 1407 788 1491 in
818 1406 1000 1493 officinis
1033 1408 1390 1522 pharmaceuticis

194 1571 283 1658 illic
305 1569 444 1658 obviis
468 1571 692 1681 sufficiant,
712 1601 767 1658 an
790 1599 876 1688 qua
903 1573 1065 1660 ratione
1087 1572 1170 1687 ipsi
1193 1572 1388 1661 codicem

193 1735 621 1824 medicamentarium
644 1713 865 1825 exaratum
888 1765 981 1825 esse
1005 1737 1147 1824 velint.

303 1881 496 1988 Demum
536 1910 577 1988 et
614 1901 964 1989 nosocomiorum
988 1899 1391 1990 Vindobonensium

195 2065 393 2180 Collegia
424 2064 691 2152 medicorum
723 2065 1022 2180 primariorum
1062 2095 1142 2153 nec
1174 2096 1261 2154 non
1283 2069 1389 2154 Pro-

55 2260 58 2268 ’
192 2230 386 2339 sessores,
434 2231 507 2346 qni
552 2228 730 2317 diversis
785 2229 948 2316 clinicis
992 2240 1204 2346 praesunt,
1250 2232 1390 2346 rogati

192 2394 371 2504 fuerunt,
432 2402 478 2481 ut
531 2391 776 2502 indicarent,
835 2422 944 2510 quae
997 2393 1287 2483 medicamina
1345 2397 1388 2481 in

194 2560 423 2646 elenchum
445 2556 701 2675 recipienda,
743 2585 853 2674 quae
898 2548 1153 2646 omittenda
1177 2569 1320 2646 essent
1349 2571 1391 2646 et

194 2753 301 2840 quas
356 2724 690 2840 praesciptiones
745 2731 872 2837 atque
930 2723 1134 2809 formulas
1191 2721 1388 2810 editionis

192 2895 337 2975 sextae
361 2885 649 2974 emendandas
672 2895 904 2974 censerent.

300 3051 545 3140 Relationes
598 3058 640 3137 et
678 3050 908 3139 sententias
948 3049 1003 3137 ad
1046 3051 1160 3138 hanc
1198 3079 1289 3136 rem
1334 3080 1389 3137 ex

193 3215 392 3302 omnibus
414 3217 582 3332 imperii
612 3213 800 3332 partibus
837 3214 1001 3303 delatas
1043 3213 1283 3300 Consilium
1311 3243 1388 3330 pro

193 3381 377 3494 negotiis
416 3381 607 3467 sanitatis
646 3408 894 3496 supremum
923 3380 1078 3494 selegit
1111 3387 1153 3466 et
1182 3388 1389 3495 quatenus

192 3543 383 3631 utilitatis
403 3552 445 3631 et
466 3543 665 3661 publicae
689 3543 837 3632 salutis
860 3545 1068 3632 rationem
1092 3542 1390 3660 sequebantur,

193 3707 334 3795 aliove
357 3718 554 3824 respectu
584 3710 957 3825 pharmacopocae
997 3707 1129 3794 finem
1151 3734 1202 3793 ac
1230 3706 1388 3792 limites

191 3900 278 3958 non
323 3871 600 3983 excedebant,
653 3872 852 3988 collegio
901 3872 1080 3988 speciali
1125 3871 1179 3959 ad
1226 3900 1389 3959 novum

194 4036 387 4125 codicem
427 4035 778 4154 perscribendum
813 4039 1039 4124 constituto
1078 4036 1303 4144 intimavit,
1345 4047 1392 4120 ut

194 4199 246 4288 de
270 4201 488 4290 desideriis
511 4204 555 4288 in
577 4201 808 4318 provinciis
837 4199 1083 4316 vigentibus
1124 4199 1325 4288 edoctum
1346 4201 1390 4285 in

195 4395 322 4483 opere
337 4365 635 4483 componendo
651 4394 801 4452 eorum
808 4367 969 4482 justam
986 4365 1194 4453 rationem
1203 4362 1390 4451 haberet.

305 4529 433 4646 Operi
442 4531 648 4642 confecto,
662 4560 776 4618 nuno
790 4530 975 4618 editione
994 4532 1176 4647 septima
1191 4530 1235 4615 in
1249 4531 1391 4617 lucem

166 4805 169 4812 ,
193 4695 429 4814 prodeunti,
455 4699 676 4812 sequentia
698 4694 877 4783 subsunt
897 4695 1114 4812 principia.
