3576 5454
883 546 1115 618 -004-

506 763 677 855 Evapora
705 764 753 836 ad
782 769 912 856 pastae
947 763 1240 850 consistentiam,
1280 762 1351 834 sub
1390 761 1504 834 finem
1533 762 1593 834 ad-

398 892 521 963 dendo
541 891 718 963 albumen
738 913 895 965 ovorum
916 891 1113 964 duodecim
1141 891 1180 964 in
1211 911 1388 984 spumam
1409 911 1590 982 conquas·

398 1023 533 1093 satum.

508 1148 584 1221 Sub
623 1147 801 1220 continua
840 1147 1039 1238 agitatione
1076 1147 1220 1219 tamdiu
1258 1167 1438 1239 evapora,
1477 1147 1592 1218 donec

400 1297 551 1348 massae
572 1275 804 1367 aliquantum
825 1280 1014 1347 exemtum
1024 1296 1093 1347 nee
1114 1297 1133 1346 e
1155 1275 1438 1367 spatulatignea
1449 1275 1593 1360 defluat,

398 1424 466 1474 nec
487 1401 661 1474 manibus
682 1401 894 1492 adhaereat,
914 1408 995 1475 tum
1014 1402 1110 1474 adde

536 1521 655 1629 Aquae
675 1527 836 1606 tarantii
858 1527 986 1606 doram

847 1729 849 1734 ,
950 1663 1155 1755 0100101000
1175 1655 1447 1752 quinquaqinta.
1546 1657 1593 1728 50

508 1783 636 1856 Massa
654 1805 721 1876 per
739 1784 851 1857 breve
871 1790 1020 1877 tempus
1043 1784 1165 1856 adhuc
1185 1783 1258 1855 leni
1288 1784 1411 1856 calore
1431 1783 1596 1874 exposita

400 1911 610 1984 effundatur
630 1933 743 2004 super
761 1885 927 1985 tabulam
951 1912 1126 2004 ligneam,
1147 1912 1271 2003 amylo
1293 1931 1536 2001 conspersam
1561 1915 1595 1980 et

397 2038 436 2110 in
454 2039 537 2111 loco
558 2039 658 2112 sicco
679 2045 893 2132 seponatur.

509 2166 563 2238 Sit
583 2167 678 2255 alba,
698 2187 775 2239 non
795 2167 907 2239 nimis
928 2166 1037 2239 sicca.

642 2580 809 2687 Pasta
834 2578 1153 2720 hiqniritiae
1178 2578 1342 2686 flava.
1386 2650 1389 2659 -

401 2803 496 2895 Rpe:
537 2797 638 2878 Sneet
660 2799 870 2901 tiqnirttiae
889 2801 1057 2902 deputati

907 2934 1111 3026 promotam
1131 2934 1264 3000 oratum
1284 2936 1316 3002 et
1334 2928 1463 3027 adpinti
1522 2930 1594 3002 mo

539 3055 675 3133 damni
695 3055 845 3132 deaeiae
866 3056 1007 3133 eontnst
1062 3063 1265 3153 prommota
1284 3057 1376 3128 mitte
1496 3059 1594 3130 1000

402 3185 505 3257 solve
524 3185 562 3256 in

536 3310 657 3410 Aquae
677 3308 885 3389 destinatae
939 3335 967 3385 a.
990 3336 1022 3407 q.

401 3445 437 3512 et
455 3440 547 3528 cola,
568 3438 665 3512 adde

537 3563 708 3642 Saaehari
727 3563 872 3642 eontnsi
928 3573 1132 3662 9000001010
1152 3565 1253 3636 mille.
1497 3568 1594 3639 1000

388 3787 392 3794 ἡ
511 3691 604 3766 Cum

537 3817 657 3918 dqnae
678 3816 889 3897 destinatae
947 3844 975 3892 a.
998 3844 1030 3915 q.

403 3951 439 4018 et
467 3946 653 4020 albumine
684 3968 840 4018 ovomm
867 3947 993 4038 viginti
1022 3947 1087 4018 fiat
1111 3945 1184 4018 leni
1210 3946 1333 4018 calore
1361 3946 1594 4038 evaporando

401 4078 521 4164 pasta,
541 4073 675 4146 additis
697 4074 767 4146 sub
787 4073 901 4146 tinem

538 4197 688 4277 Fruatur
708 4197 870 4276 Vaniliae
925 4200 1097 4297 prommis
1117 4199 1250 4272 duobus
1574 4199 1595 4270 0

404 4348 488 4399 curn

539 4451 706 4531 Saeehari
727 4452 906 4553 patrarati
961 4455 1132 4552 prommia
1152 4453 1350 4549 quindecim
1552 4454 1596 4526 15

403 4582 541 4674 optime
562 4583 738 4656 contritis

512 4709 553 4782 In
573 4710 720 4782 tabulas
742 4711 902 4783 scissam
924 4731 1042 4782 serva.
