3574 5454
849 519 1081 592 -136-

827 841 1102 956 Gaurana.

472 1067 658 1140 Panlb'nlc
670 1066 810 1140 sortitis
824 1069 860 1140 M
867 1069 1024 1156 antina,
1041 1068 1198 1141 arborin
1209 1069 1364 1141 Brasilia
1375 1069 1562 1161 indigena.

366 1195 611 1292 buprinduceae.

471 1324 622 1396 Massae
639 1323 793 1411 solidae,
813 1323 1045 1412 durissimae,
1065 1325 1313 1418 ponderosae,
1330 1325 1563 1416 cylindricae,

366 1453 634 1539 botuliiormeS,
654 1474 774 1525 unum
794 1453 841 1524 ad
862 1453 936 1524 duo
957 1453 1160 1526 decimetra
1178 1454 1322 1543 longae,
1340 1457 1500 1545 quatuor
1515 1452 1563 1524 ad

365 1582 527 1673 quinque
548 1581 766 1653 centimetra
789 1602 956 1669 crassae,
983 1603 1002 1652 e
1023 1582 1228 1654 seminibus
1247 1582 1321 1654 leni
1340 1581 1425 1672 igne
1447 1581 1561 1654 sicca·

370 1709 428 1797 tis,
453 1710 668 1800 pulveratis
690 1730 775 1781 cum
796 1731 896 1800 aqua
914 1708 953 1779 in
974 1715 1122 1800 pastam
1141 1709 1304 1782 redactis
1325 1709 1506 1782 formatae
1527 1714 1564 1780 et

365 1836 544 1924 siccatae,¹
559 1835 755 1929 superficie
775 1837 932 1908 obscure
955 1836 1265 1925 crabro-fuscae,
1285 1835 1504 1922 subnitidare,
1524 1836 1562 1906 in

364 1963 530 2036 fractura
558 1962 746 2055 inaequali
778 1963 1050 2054 subgranulata
1078 1964 1346 2050 lusco-rubrae,
1377 1963 1561 2036 interdum

366 2090 582 2181 fragmentis
603 2090 736 2162 albidis
757 2090 944 2163 seminum
964 2090 1117 2163 inclusis
1143 2092 1462 2178 submarmoreac,
1481 2090 1560 2182 pnl-

364 2238 490 2290 verem
527 2218 751 2310 praebentes
791 2239 980 2304 carneum,
1020 2216 1167 2310 saporis
1205 2217 1559 2308 subadstringentiS,

365 2345 616 2434 amariuseuli,
633 2345 707 2436 qni,
724 2345 968 2436 microscopio
986 2345 1214 2436 exploratus
1232 2350 1380 2418 constat
1395 2365 1414 2416 e
1431 2366 1563 2436 granu·

365 2473 408 2545 lis
429 2472 583 2544 minutis
608 2471 719 2562 amyli
740 2473 948 2564 compositi,
978 2473 1115 2564 partim
1143 2473 1308 2564 integris,
1337 2472 1473 2566 partim
1503 2473 1562 2544 de-

365 2601 561 2688 formibus
593 2599 882 2690 conglomeratis
922 2606 959 2673 et
995 2622 1015 2672 e
1054 2600 1195 2672 cellulis
1224 2598 1564 2692 parenclrymatieis

364 2727 572 2801 rotundatis
588 2732 655 2799 aut
667 2726 1090 2819 rotundato-polyedris,
1106 2727 1327 2800 membrana
1341 2725 1563 2799 tumescenti

366 2855 501 2944 albida,
532 2855 698 2945 amylum
727 2855 765 2926 in
799 2858 899 2928 statu
926 2876 1043 2946 supra
1070 2855 1256 2947 descripto
1276 2851 1562 2926 includentibus.

732 3249 936 3360 Gummi
968 3250 1210 3357 Ananiae.

758 3477 919 3559 Gummi
943 3477 1174 3556 Arabicum.

475 3675 605 3748 Aeneia
643 3675 748 3747 'Verelc
783 3675 1025 3749 Guillemin
1058 3681 1095 3748 et
1133 3674 1367 3747 Perrottet
1399 3675 1435 3744 et
1474 3670 1567 3742 aliae

366 3803 517 3875 Accolae
554 3803 714 3897 species,
749 3803 787 3876 in
825 3809 931 3876 terris
970 3804 1018 3876 ad
1056 3801 1179 3874 Nilum
1217 3799 1448 3892 superiorem
1486 3797 1567 3869 sitis

367 3936 578 4004 nascentes.
600 3929 861 4027 Lepunzinosue.
882 3929 1123 4003 Mimosaoeae.

477 4057 646 4131 Occurrit
684 4059 723 4130 in
761 4058 888 4131 trustis
931 4060 1017 4151 plus
1057 4057 1182 4130 minus
1230 4055 1408 4146 globosis,
1444 4053 1569 4127 variae

368 4187 648 4278 magnitudinis,
670 4186 783 4271 duris,
804 4185 995 4276 fragilibus
1016 4185 1309 4275 sriabilibusque‚
1330 4180 1570 4269 incoloribus

367 4313 546 4406 limpidis,
579 4313 778 4405 diaphanis
810 4318 875 4385 aut
907 4313 1054 4401 albidis,
1075 4334 1153 4385 non
1182 4309 1394 4405 pellucidis
1426 4309 1570 4381 rimulis

366 4441 700 4528 innumerabilibus
727 4439 903 4530 trajectis
926 4444 1153 4532 quapropter
1172 4438 1278 4510 facile
1300 4436 1570 4510 dissilientibus

368 4568 406 4640 in
422 4569 581 4642 frustula
605 4569 818 4661 inaequalia
833 4567 1070 4659 acutangula,
1095 4567 1317 4639 infractura
1340 4563 1573 4638 conchoidea

369 4697 488 4768 vitreo
507 4697 674 4782 nitentia,
693 4718 770 4768 non
790 4717 875 4767 raro
896 4694 1139 4767 iridescentia.
