3502 5454
629 566 842 637 -61-

245 784 373 858 Pulvis
394 784 643 876 griseo-albus
659 784 719 856 vel
738 783 957 873 flavescens
977 783 1169 870 inodoruS,
1189 783 1336 877 saporis

137 912 296 1008 styptici,
324 912 470 984 modice
491 911 619 984 amari.
650 910 814 984 Solvitur
832 910 871 983 in
890 911 1043 1004 triginta
1062 910 1206 984 circiter
1223 911 1334 1003 parti-

137 1040 209 1113 bus
225 1060 346 1131 aquae
361 1040 562 1127 bullientis
579 1040 617 1112 in
635 1039 859 1131 octingentis
874 1039 1007 1130 frigidi,
1027 1039 1134 1112 facile
1151 1039 1188 1111 in
1205 1039 1335 1132 spiritu

136 1166 222 1240 vini.
242 1167 369 1240 Pulvis
390 1189 490 1260 aqua
510 1169 712 1242 calefactus
733 1166 988 1260 conglobatur.

248 1295 389 1367 Solutio
420 1316 565 1387 aquosa
593 1297 689 1369 ferro
719 1293 1016 1387 sesquichlorato
1047 1294 1210 1366 colorem
1239 1299 1335 1366 atra-

138 1428 377 1495 mentaceum
405 1422 537 1495 induit.
575 1423 717 1496 Solutio
756 1423 967 1516 spirituosa,
1003 1422 1210 1514 digestione
1252 1444 1338 1494 cum

137 1550 293 1642 plumbo
323 1551 462 1624 acetico
490 1550 619 1624 basico
659 1551 706 1624 ab
733 1550 838 1624 acido
863 1551 1015 1625 tannico
1054 1556 1091 1624 et
1123 1572 1146 1622 a
1183 1550 1337 1644 plumbo

139 1679 341 1752 excedente
371 1678 479 1750 acido
505 1679 685 1753 sulfurico
706 1679 823 1753 diluto
837 1680 1004 1768 liberata,
1022 1677 1207 1771 liquorem
1224 1677 1337 1750 filtra-

16 1831 17 1834 *
137 1811 218 1880 tum
232 1807 419 1899 praebeat,
442 1809 543 1900 quod
558 1806 688 1901 spiritu
702 1807 779 1879 vini
799 1807 1063 1900 evaporatione
1079 1805 1236 1898 depulso
1252 1826 1337 1878 cum

140 1955 240 2027 aqua
260 1933 377 2007 chlori
397 1936 620 2009 succedente
641 1936 830 2008 ammonia
849 1936 1005 2008 viridem
1024 1935 1188 2007 colorem
1206 1932 1336 2005 induit.

247 2060 409 2154 Ignitum
429 2062 510 2136 sine
528 2062 681 2137 residuo
701 2064 909 2136 comburat.

236 2443 716 2555 coloratum
754 2445 1245 2579 aguratum.

249 2644 423 2736 Crystalli
450 2645 668 2739 pellucidae,
707 2645 912 2736 decolores
952 2652 1037 2718 aere
1074 2644 1336 2739 persistentes

142 2772 343 2845 reactionis
380 2771 551 2845 neutrius
580 2773 640 2844 vel
668 2773 744 2845 sere
772 2775 953 2862 neutrius
982 2773 1109 2846 odoris
1138 2771 1338 2866 peculiaris

142 2898 344 2988 aromatici,
367 2899 515 2992 saporis
537 2901 663 2973 acerbi
683 2901 884 2990 subornari,
911 2901 949 2972 in
969 2922 1080 2994 aqua,
1109 2900 1241 2994 spiritu
1264 2899 1338 2978 vini

141 3033 177 3098 et
193 3026 343 3100 aethere
359 3025 466 3099 facile
483 3027 674 3115 solubiles,
696 3028 817 3100 colore
839 3029 914 3101 580
937 3027 1198 3120 liquescentes,
1218 3027 1335 3099 lerve-

141 3152 261 3225 factae
281 3154 444 3243 avolant,
465 3153 556 3246 quin
576 3176 646 3246 gas
666 3153 935 3227 inflammabile
956 3155 1157 3228 emittatur.

251 3280 395 3354 Solutio
416 3303 561 3374 aquosa
579 3282 676 3355 kalio
697 3282 982 3374 hydrooxydato
999 3281 1145 3374 adjecto
1162 3282 1338 3370 turbetur,

142 3407 407 3482 chloroformio
419 3409 643 3482 succedente
653 3430 785 3482 rursus
797 3409 1021 3500 fitlimpida;
1043 3415 1196 3500 argento
1207 3409 1339 3482 uitrico

141 3537 203 3608 vix
223 3543 398 3611 mutetur.

251 3665 367 3739 Acido
402 3666 582 3740 sulfurico
613 3671 852 3740 concontrato
884 3667 1049 3740 admixto
1080 3665 1212 3738 leniter
1245 3665 1339 3737 cale·

141 3794 281 3865 facturn
291 3792 717 3886 Chloralumhydratum
726 3816 850 3887 neque
861 3791 1338 3888 veporeshydrochloricos

142 3921 297 4005 emittat,
318 3943 440 4013 neque
462 3923 627 3994 colorem
645 3924 796 3995 fuscum
813 3921 976 4016 recipiat.

251 4048 427 4121 Servetur
446 4071 537 4121 vase
558 4047 630 4122 luci
649 4049 842 4142 impervia,
863 4051 946 4123 loco
967 4049 1077 4122 sicco.

383 4411 1106 4547 Ulolorol'ormium.

18 4687 19 4690 ,
250 4612 390 4704 Liquor
408 4611 597 4705 limpidus
628 4613 788 4702 decolor,
818 4613 945 4686 odoris
974 4613 1158 4705 specialis,
1187 4612 1334 4706 saporis

141 4738 345 4828 subdulciS,
365 4738 542 4831 ponderis
572 4739 735 4832 specifici
769 4739 1042 4830 1·485-1·50‚
1073 4741 1195 4814 calore
1218 4742 1267 4815 60
1288 4741 1337 4814 ad
