3576 5454
691 557 932 632 -983-

328 774 566 848 Substantiae
596 777 775 866 volatiles
804 782 845 849 ut
870 777 953 849 olea
982 777 1165 862 aetherea,
1196 775 1417 867 Camphora,

218 908 408 992 unguento
430 902 737 994 semiresrigeratc
758 903 1044 977 admisceantur.

326 1027 513 1117 PulvereS,
534 1029 736 1120 unguentis
756 1030 997 1118 admiscendi,
1016 1031 1167 1103 nonnisi
1187 1030 1419 1104 subtilissimi

219 1154 467 1228 adhibeantur
486 1160 522 1228 et
545 1161 748 1249 antequam
777 1179 863 1230 eum
892 1157 1025 1250 exigua
1054 1157 1125 1230 olei
1153 1159 1211 1230 vel
1240 1157 1418 1250 unguenti

218 1283 403 1375 liquefacti
422 1281 625 1374 quantitate
644 1282 869 1358 triturentur.

328 1414 381 1487 Ne
420 1414 495 1487 sint
531 1422 723 1505 unguenta
756 1416 987 1508 negligenter
1019 1416 1134 1489 mixta
1166 1436 1260 1488 neve
1294 1415 1420 1488 odoris

219 1543 369 1616 rancidi.

450 1794 788 1938 Unguentum
814 1797 1181 1904 cremuticum.

219 1979 316 2072 Rpe:
357 1975 494 2056 llerlrae
513 1978 689 2058 llsuttn
709 1982 874 2059 cruciere
940 1988 1143 2078 grammata
1162 1987 1293 2052 cattum

953 2108 1128 2206 eiciyinti
1147 2108 1300 2202 quicque
1341 2106 1415 2179 195

357 2231 516 2333 Spiritus
535 2233 614 2311 Vini
634 2233 742 2311 illud
796 2241 998 2333 grammata
1018 2233 1162 2307 ducenta
1181 2241 1213 2308 et

945 2361 1204 2459 quinquaqinta
1337 2361 1417 2434 950

221 2488 258 2560 in
276 2489 418 2581 pultem
437 2494 596 2562 contusa
607 2490 729 2582 digere
740 2512 807 2583 per
825 2489 1028 2578 sarchorum
1040 2490 1125 2563 dein
1136 2488 1308 2561 calefiant
1328 2509 1413 2560 cunr

357 2614 539 2716 lxuugire
558 2614 661 2693 Porci
716 2617 886 2715 grammis
907 2617 982 2688 mill
1313 2616 1415 2688 1000

218 2744 266 2817 ad
287 2743 431 2817 humidi
451 2747 749 2820 consumtionem
771 2752 807 2820 et
826 2748 917 2820 ecla.

325 2870 368 2944 In
388 2871 563 2946 Celatura
581 2874 789 2966 liquescant

353 2998 464 3078 (lenc
485 2997 598 3078 flavae
652 3008 856 3100 grammata
877 3001 1024 3074 ducenta
1043 3008 1074 3074 rt
1094 3001 1268 3097 quinqua·

1176 3127 1277 3225 ¹ginta
1334 3128 1413 3200 950

352 3253 427 3332 0Ιοὶ
449 3253 550 3332 lreurl
564 3263 768 3354 grammata
787 3265 921 3332 eentum
940 3265 972 3330 et
990 3257 1118 3354 viginti
1137 3255 1297 3353 quinque.
1337 3252 1412 3326 195

326 3383 465 3456 Colatis
485 3389 522 3457 et
539 3383 764 3476 refrigeratis
785 3385 880 3458 adde

352 3506 430 3585 0lel
448 3506 616 3610 Junlperl

381 3691 404 3732 ‚‚
453 3634 617 3715 Ueniliae
637 3635 818 3738 piperitae

381 3818 404 3860 „
452 3761 655 3840 normann

380 3943 403 3986 ,‚
450 3887 679 3967 lavendula
736 3889 782 3963 ent
800 3897 1003 3989 grammata
1019 3889 1139 3962 decem.
1363 3891 1411 3961 10

324 4019 437 4092 Misce
457 4019 495 4090 in
513 4018 765 4110 Unguentum.

491 4267 834 4411 Unguentum
860 4266 1138 4376 Cerussee.

216 4457 314 4550 Rpe:
354 4453 536 4555 lingna
557 4451 658 4530 Porci
713 4460 917 4552 grammata
937 4453 1084 4556 ducenta
1332 4452 1411 4524 900

352 4579 544 4681 llnplrstrl
565 4578 762 4680 nlaetylo·
783 4577 959 4680 sinplleis

802 4715 1005 4804 yramrncte
1024 4707 1274 4804 quadraginta.
1359 4707 1412 4778 40
