3574 5454
876 588 1111 660 -13n-

833 799 1151 909 Galbanum.

699 1009 1018 1090 Gummi-resina
1041 1009 1280 1090 Galbanum.

496 1206 643 1279 Succus
692 1207 1028 1298 gummiresinosus
1077 1215 1161 1280 abre
1209 1207 1427 1295 induratum
1476 1229 1588 1299 quem

384 1333 549 1406 offerunt
564 1334 709 1426 specics
723 1334 869 1406 Ferulae
879 1335 916 1406 in
928 1334 1061 1407 Persia
1071 1335 1365 1428 septemtrionali
1376 1340 1588 1423 nascentes,

385 1461 649 1533 verisimillime
669 1460 802 1534 Fertdo
829 1461 1052 1558 qulbour'fluo
1081 1462 1283 1535 Boissier
1312 1467 1348 1534 et
1376 1461 1521 1534 Buhse
1551 1468 1589 1535 el

383 1587 516 1660 Forulo
537 1587 751 1661 rubricoulis
771 1590 989 1662 Boissier.
1018 1587 1265 1683 Umbellisoroe.

491 1716 641 1788 Prostat
669 1717 706 1788 in
727 1717 856 1808 granis
877 1717 1060 1805 discretis
1095 1717 1167 1810 pisi
1188 1717 1244 1790 vel
1265 1717 1374 1790 trucis
1393 1699 1585 1809 juglandis

383 1841 649 1934 magnitudine,
688 1843 941 1933 subglobosiS,
968 1848 1077 1915 extus
1112 1843 1248 1916 coloris
1284 1864 1304 1916 e
1338 1843 1437 1915 ssavo
1472 1844 1530 1916 vel
1566 1866 1587 1916 e

383 1970 563 2044 subviridi
606 1970 870 2058 luscescentiS,
923 1971 961 2044 in
1010 1971 1177 2044 fractura
1222 1971 1408 2044 conchata
1452 1971 1587 2044 coloris

383 2098 494 2170 albidi
523 2099 581 2170 vel
607 2098 777 2187 subllavi,
808 2120 916 2172 cerae
937 2099 1056 2171 instar
1075 2098 1289 2186 nitentibus,
1309 2099 1349 2170 in
1369 2099 1587 2190 fragmentis

385 2225 560 2299 tenuibus
585 2225 800 2317 diaphonia,
830 2226 952 2298 calore
980 2225 1296 2314 mollescentibus,
1317 2230 1383 2298 aut
1401 2225 1439 2297 in
1459 2227 1587 2317 granis

383 2352 479 2426 inter
513 2375 555 2426 se
586 2353 865 2445 conglutinatis,
892 2359 957 2426 aut
985 2353 1023 2425 iu
1052 2354 1191 2426 massis
1222 2353 1428 2447 compactis
1455 2353 1588 2425 viride-

385 2481 650 2554 sconti-luscis.

493 2607 595 2681 Odor
614 2607 922 2699 gummi-resinae
939 2613 994 2680 est
1008 2608 1208 2700 peculiaris
1229 2608 1587 2698 batsa1nicus,haud

387 2741 526 2826 gratus
558 2757 672 2829 sapor
706 2735 952 2824 aromaticus,
982 2735 1077 2808 acris
1107 2739 1145 2808 et
1178 2757 1339 2808 amarus
1370 2735 1472 2809 Trita
1501 2759 1589 2809 cum

386 2883 486 2956 aqua
506 2863 753 2936 emulsionem
775 2863 901 2935 albam
926 2863 1090 2956 praebet.
1119 2863 1229 2955 Aqua
1257 2863 1427 2936 Galbano
1457 2886 1589 2958 super·

385 2991 484 3078 lusa,
523 2990 650 3063 addita
684 2995 791 3082 gutta
821 3011 896 3062 una
928 2990 1154 3080 ammoniae,
1185 2991 1307 3063 colore
1342 2991 1588 3064 subcaeruleo

385 3117 590 3202 ssuorescit;
603 3116 752 3190 acidum
768 3116 1096 3206 lrydrochloricum
1108 3119 1410 3208 gummi-resinae
1422 3119 1585 3190 affusum

387 3245 490 3318 brevi
508 3249 677 3336 tempore
698 3245 863 3317 colorem
882 3264 1114 3336 purpureum
1133 3243 1262 3317 induit.

492 3373 657 3466 Eligatur
671 3395 776 3446 merx
792 3373 931 3466 purior,
949 3395 968 3444 e
984 3371 1109 3464 grams
1125 3372 1183 3442 vel
1200 3392 1220 3443 e
1235 3372 1374 3444 massis
1397 3379 1587 3461 constans,

383 3501 521 3595 quibus
558 3500 721 3594 plurima
758 3521 879 3591 grana
915 3520 1012 3592 pura
1051 3498 1188 3571 insunt.
1232 3498 1509 3572 Pulverandum
1549 3507 1586 3572 et

383 3629 649 3721 depurandum
668 3634 724 3700 est
737 3629 947 3702 Galbanum
966 3628 1098 3700 rodem
1114 3627 1227 3699 modo
1243 3632 1284 3699 ut
1299 3626 1586 3700 Ammoniacum

385 3762 422 3828 et
442 3755 523 3828 Asa
545 3754 696 3827 foetida.

488 3880 732 3977 Eruplmlruru
753 3905 983 3977 oxycroceruu.

879 4164 1085 4275 Gallae.

487 4372 784 4460 Excrescentiae,
805 4372 843 4444 in
867 4371 1023 4444 ramulis
1040 4373 1231 4445 varietatis
1257 4371 1447 4445 orientalis
1475 4365 1590 4462 Quer?

376 4525 436 4572 cus
478 4497 701 4571 [atailmucac
741 4500 910 4591 (Webb)
950 4499 1028 4572 ictu
1068 4499 1211 4596 (brumis
1247 4499 1373 4571 Gallae
1400 4499 1580 4570 tinctorium

376 4626 578 4719 (Olivier)
610 4627 725 4700 laesis
760 4634 971 4718 nascentes
1005 4630 1195 4721 globosae,
1231 4650 1349 4701 unum
1375 4627 1424 4700 ad
1453 4627 1525 4700 cluo
1547 4632 1582 4698 et

376 4753 571 4826 dimidium
619 4755 838 4827 centimetra
886 4755 924 4827 in
971 4755 1170 4844 diametr0,
1228 4756 1372 4829 inferne
1425 4753 1579 4846 paulum
