3576 5454
891 547 1127 618 -000-

524 764 612 839 Usui
641 765 945 857 pharmaceutico
976 765 1192 838 concidatur
1222 765 1360 857 Opinrn
1389 773 1483 835 etsi
1514 787 1607 856 opus

412 892 530 981 luerit,
551 891 673 963 calore
691 894 770 966 60ο
794 913 871 965 non
891 898 1091 986 superante
1106 893 1344 981 exsiccatum,
1365 892 1403 963 in
1417 892 1607 984 pulvereni

413 1021 614 1111 redigatur,
636 1019 699 1110 qni
719 1021 972 1112 subsequente
992 1020 1138 1093 ratione
1159 1019 1396 1096 examinatus
1416 1040 1462 1091 ne
1484 1020 1605 1092 minus

414 1169 528 1240 quam
556 1149 683 1239 partes
712 1148 840 1220 decern
867 1147 950 1243 (10)
980 1147 1169 1241 morpbini
1198 1148 1236 1220 in
1265 1153 1415 1219 centum
1444 1147 1608 1240 partibus

413 1276 601 1368 praebeat.

521 1401 564 1472 ln
590 1401 691 1474 hunc
715 1401 830 1474 finem
859 1401 935 1495 opii
963 1401 1147 1495 pulverati
1173 1408 1384 1494 grammata
1412 1404 1435 1474 8
1462 1423 1608 1475 macera

414 1550 481 1621 per
505 1529 551 1600 10
573 1529 701 1618 horas,
722 1528 911 1602 interdum
931 1530 1231 1622 conquassando,
1258 1550 1343 1602 curn
1362 1529 1540 1620 grammis
1561 1511 1608 1601 8'0

414 1678 534 1748 aquae
569 1655 777 1728 destillatae
813 1661 848 1729 et
880 1657 987 1729 filtra.
1024 1657 1240 1729 Grammata
1273 1657 1323 1727 40
1355 1662 1391 1728 01
1420 1656 1608 1728 dimidium

417 1783 571 1875 liquoris
596 1782 722 1855 filtrati
749 1783 865 1856 misce
886 1807 971 1856 curn
992 1784 1169 1876 grammis
1193 1783 1239 1855 10
1262 1783 1414 1877 spiritus
1434 1785 1508 1856 vini
1529 1805 1610 1855 con-

416 1911 591 2000 centrati,
640 1911 819 2001 grammis
862 1911 910 1982 10
949 1911 1112 1984 aetheris
1160 1916 1197 1983 ct
1243 1911 1418 2001 grammis
1466 1910 1609 1982 duobus

415 2038 627 2111 ammoniae
657 2042 693 2110 et
722 2060 873 2131 sepone,
899 2038 1050 2132 saepius
1078 2038 1254 2129 agitando
1288 2038 1326 2110 in
1355 2059 1445 2110 vase
1478 2038 1609 2110 idoneo

414 2166 543 2238 clauso
578 2165 699 2237 calore
724 2167 772 2238 10
794 2165 842 2237 ad
867 2166 913 2238 15
930 2169 947 2204 ⁰
977 2186 1045 2259 per
1064 2166 1172 2239 diem.
1206 2166 1300 2238 Dein
1319 2167 1368 2255 id,
1403 2165 1505 2258 qnod
1524 2187 1609 2238 vase

415 2293 627 2365 continetur
653 2293 691 2364 in
710 2293 851 2365 filtrum
883 2314 1043 2386 parrum
1072 2293 1240 2367 immitte.
1271 2294 1433 2386 Liquore
1468 2293 1610 2365 defluxo

414 2419 600 2512 Morpbini
616 2421 820 2511 crystalloS,
837 2421 875 2493 in
893 2442 936 2492 eo
952 2427 1198 2510 remanentes,
1208 2422 1386 2494 mixtione
1402 2440 1446 2490 ex
1462 2419 1610 2511 spiritus

415 2547 489 2618 vini
526 2546 642 2636 diluti,
692 2547 853 2620 aetheris
892 2552 929 2620 et
968 2570 1090 2641 aquae
1139 2549 1346 2622 destillatae
1385 2547 1611 2639 singulorum

416 2674 592 2766 grammis
612 2674 760 2747 duobus
780 2674 839 2748 bis
873 2676 994 2748 elutos
1027 2676 1066 2747 in
1092 2675 1190 2749 filtro
1221 2677 1343 2749 calore
1378 2675 1482 2746 100ο
1505 2674 1611 2746 sicca.

524 2802 678 2875 Pondus
699 2823 829 2876 earum
847 2824 895 2875 ne
915 2803 963 2875 sit
982 2803 1110 2876 minus
1131 2826 1246 2896 quam
1265 2804 1339 2875 0·4.

525 2929 696 3020 Crystalli
721 2930 774 3002 sic
800 2931 974 3003 obtentae
1002 2953 1088 3003 cnm
1114 2932 1283 3024 partibus
1319 2935 1470 3003 centurn
1494 2951 1611 3021 aquae

417 3056 530 3128 calcis
560 3063 850 3148 conquassatae,
881 3057 1023 3150 aliquot
1050 3058 1154 3131 horis
1182 3058 1360 3151 peractis,
1393 3058 1613 3130 solutionem

416 3183 620 3277 praebeant
648 3183 835 3274 fluvidam,
874 3206 970 3277 quae
1006 3208 1106 3278 aqna
1140 3186 1255 3258 chlori
1281 3185 1462 3278 paulatim
1487 3184 1613 3272 affusa,

418 3312 581 3384 colorem
603 3315 837 3383 constantem
856 3334 876 3384 e
892 3313 996 3386 lusco
1016 3314 1182 3400 rubrum,
1202 3312 1299 3384 ferro
1319 3311 1613 3404 sesqnicblorato

417 3440 540 3512 soluto
562 3438 740 3526 admixtu,
762 3439 974 3513 caeruleum
993 3441 1052 3513 vel
1071 3439 1228 3513 viridem
1246 3439 1381 3511 trabat.

523 3565 744 3637 Extinctum.
804 3561 975 3639 Tinctum
1021 3567 1168 3663 simplex
1214 3574 1245 3637 ct
1292 3573 1443 3639 crocata.
1493 3565 1612 3638 Puluis

417 3691 678 3788 Ipecuouanhae
696 3692 846 3787 opictuo.

786 3887 1003 4030 tlxymcl
1029 3887 1244 3998 Scillac.

418 4075 516 4167 Rpe:
555 4069 653 4151 loeti
674 4067 809 4150 Scillrc
863 4082 1065 4172 qrammato
1085 4083 1217 4148 oentnm
1507 4156 1509 4160 ,
1542 4077 1611 4147 100

554 4199 669 4276 llellts
689 4199 858 4302 lep-rut
914 4209 1117 4300 qrammato
1138 4203 1286 4276 ducenta
1538 4203 1610 4275 000

527 4329 700 4422 Evapora
718 4331 757 4402 in
776 4331 908 4420 lebete,
930 4332 1182 4404 ebullitionem
1209 4332 1393 4420 evitando,
1415 4330 1463 4402 ad
1488 4331 1609 4422 syrupi

420 4457 713 4549 consistentiam,
752 4463 831 4531 tum
868 4479 935 4550 per
972 4459 1205 4531 manicame
1243 4480 1369 4551 panno
1409 4459 1612 4530 conlectam

419 4585 581 4658 colatum
601 4590 637 4657 et
656 4585 909 4675 refrigeratum
929 4586 966 4658 in
987 4609 1077 4658 vase
1098 4587 1281 4674 obturato,
1309 4587 1346 4658 in
1369 4586 1453 4658 loco
1485 4585 1612 4677 frigido

420 4732 572 4804 sepone.
