3574 5454
683 545 926 618 -173-

205 764 350 837 thinam
363 764 564 853 redolente,
581 769 646 837 aut
660 763 798 857 polline
810 764 923 855 coryli
935 763 1167 856 aliarumque
1178 764 1402 857 plantarum,

203 894 274 967 sub
290 892 535 985 microscopio
551 893 673 965 forma
688 892 906 966 cellularum
923 892 1111 982 differenti,
1130 913 1252 984 neque
1269 893 1403 985 amylo

202 1024 322 1096 forma
341 1040 546 1112 granorum
566 1024 602 1091 et
621 1019 809 1092 reaetione
826 1017 906 1109 jodi
926 1017 1032 1091 facile
1052 1019 1309 1092 discernende.

708 1303 893 1412 Macis.

308 1509 494 1606 Mpristica
529 1509 711 1608 fragrans
745 1509 990 1602 Houttuyn,
1041 1509 1152 1583 arbor
1187 1511 1227 1582 in
1264 1509 1399 1584 insulis

200 1638 377 1712 Moluccis
397 1659 581 1712 crescens.
603 1639 873 1736 Myristicaceae.

308 1769 447 1844 Arillus
458 1790 588 1843 semen
599 1770 799 1860 obducens
810 1789 942 1841 recens
953 1770 1397 1861 carnosus,sanguineus‚

198 1897 360 1971 siccatus
380 1896 530 1971 exhibet
563 1897 727 1970 tunicam
749 1897 1030 1988 subcarnosam,
1049 1896 1396 1987 luteo-coccineam,

200 2026 379 2118 fragilem,
407 2023 596 2118 pinguiter
614 2024 803 2115 nitentem,
832 2029 936 2097 tactu
972 2024 1160 2118 pinguem,
1189 2025 1273 2097 basi
1299 2047 1396 2099 eam-

198 2153 379 2247 panulata
416 2153 653 2246 perforatam,
692 2173 847 2225 sursum
882 2152 1047 2225 laceram
1080 2157 1116 2224 et
1147 2152 1399 2244 irregulariter

198 2280 433 2369 multifidam,
461 2279 606 2354 laciniis
632 2279 845 2370 linearibus
874 2279 980 2373 apice
1008 2280 1396 2354 denticulato-incisis.

258 2417 264 2430 ’
308 2408 468 2482 Obvenit
485 2409 523 2482 in
544 2413 756 2480 mercatura
775 2413 839 2480 aut
856 2408 1011 2500 integer,
1046 2428 1298 2500 compressus
1333 2413 1398 2482 aut

197 2537 237 2609 in
255 2535 487 2628 fragmentis
528 2534 631 2608 Odor
649 2534 848 2628 peculiaris
878 2539 982 2626 grate
1012 2535 1248 2626 aromaticus
1283 2557 1398 2629 sapor

197 2663 338 2737 fervide
358 2663 595 2736 aromaticus

309 2793 416 2886 Aqua
436 2791 631 2863 aromatico
649 2790 850 2886 spirituoso.

435 3060 774 3204 Magnesiam
801 3060 1166 3170 sorbonicum.

633 3272 843 3378 Magnesia
857 3273 958 3351 alba.

307 3449 434 3522 Massa
451 3449 714 3542 pulverulenta
731 3450 932 3538 levissima,
953 3451 1048 3541 alba,
1069 3451 1107 3524 in
1123 3473 1223 3543 aqua
1243 3450 1318 3524 sere
1338 3450 1392 3524 in·

196 3575 378 3665 solubilis,
405 3576 444 3648 in
464 3577 570 3650 acido
590 3577 766 3652 sulfurico
788 3578 904 3651 diluto
925 3579 997 3652 sub
1018 3578 1299 3652 effervescentia
1319 3579 1393 3651 sol-

197 3704 304 3791 vitur,
326 3704 463 3777 solutio
480 3705 614 3778 eoloris
631 3725 775 3798 expers
797 3707 923 3780 addita
937 3706 1113 3794 miscella,
1130 3727 1176 3778 ex
1192 3706 1394 3796 ammonia,

197 3831 388 3903 ammonio
438 3831 607 3905 clrlorato
648 3837 685 3905 et
730 3833 850 3906 natrio
883 3833 1139 3927 phosphorieo
1174 3834 1392 3926 composita,

196 3957 448 4030 sedimentum
469 3960 594 4033 album
614 3961 871 4053 crystallinum
890 3961 1058 4034 demittit.

305 4085 540 4177 Magnesium
574 4087 816 4161 carbonicum
847 4111 946 4181 aqua
985 4088 1171 4161 destillata
1205 4109 1391 4182 conquas·

196 4217 330 4304 satum,
354 4217 502 4285 coctum
514 4218 550 4286 et
569 4214 748 4287 filtratum
768 4216 950 4308 liquorem
964 4217 1156 4309 praebeat,
1180 4217 1242 4309 qui
1258 4217 1306 4288 ad
1322 4216 1391 4288 sie·

196 4342 1391 4437 cumevaporatusperexiguumdumtaxatresiduumrelinquat.

304 4468 445 4541 Solutio
480 4489 626 4560 aquosa
646 4491 716 4562 ope
737 4470 832 4543 acidi
862 4472 992 4545 aeolici
1026 4473 1160 4546 effecta
1193 4494 1261 4545 nec
1291 4492 1392 4564 aqua

194 4595 501 4687 hydrosullurala
520 4619 601 4686 nee,
628 4598 659 4669 si
690 4599 920 4671 ammonium
946 4601 1156 4674 elrloratum
1185 4607 1220 4674 et
1240 4601 1390 4674 abunde

195 4724 424 4796 ammoniam
440 4724 639 4814 addideris
657 4726 846 4798 ammonio
865 4727 1049 4801 sulfurato
1064 4733 1228 4802 mutetur
1235 4750 1243 4816 ;
1261 4727 1393 4801 eadem
1542 4793 1548 4806 .
