3576 5454
854 539 1096 611 -uul-

786 897 963 1008 Radix
988 897 1162 1009 lridis.

804 1163 999 1242 erizoma
1020 1161 1150 1242 Iridis

492 1395 564 1467 Iris
597 1394 807 1467 Gerreunica
836 1395 972 1483 Linn.,
1012 1395 1084 1466 Iris
1112 1394 1255 1490 pallida
1283 1395 1505 1467 Lamarck
1534 1401 1570 1468 et

371 1523 444 1594 Iris
492 1522 697 1595 Florentino
733 1522 875 1611 Linn,
922 1524 1073 1615 plantae
1110 1522 1308 1614 redivivae,
1346 1523 1384 1594 in
1423 1523 1569 1616 Europa

374 1651 593 1724 australiore
613 1651 819 1743 indigenae,
838 1651 1018 1744 imprimis
1047 1651 1085 1723 in
1103 1650 1209 1724 Italia
1228 1651 1421 1743 superiore
1441 1652 1567 1726 cultae.

374 1777 564 1850 Iridaceoc.
1463 1787 1465 1792 ’

482 1943 666 2016 Rhizoma
696 1943 922 2018 horizontale
952 1945 1319 2030 furcam-ramosum,
1354 1945 1567 2016 constricto-

373 2071 612 2144 articnlatum
638 2072 905 2145 decorticatum
930 2077 966 2145 et
986 2073 1178 2164 siccatum,
1208 2071 1363 2145 odorem
1391 2073 1569 2146 violamm

374 2219 567 2290 spargens
606 2200 766 2273 occurrit
798 2200 837 2270 in
869 2201 1009 2290 frustis,
1044 2199 1303 2272 constantibus
1334 2221 1380 2272 ex
1408 2200 1569 2274 articulis

374 2326 543 2417 singulis
560 2326 656 2398 binis
675 2327 849 2418 ternisve,
864 2328 985 2400 rarius
1000 2329 1169 2419 pluribus
1184 2327 1280 2399 inter
1296 2349 1337 2399 sc
1354 2327 1570 2419 conjunctis,

372 2475 493 2545 usque
513 2454 562 2526 ad
581 2455 824 2528 decimetrum
843 2457 977 2550 longiS,
997 2456 1069 2529 tria
1097 2456 1146 2528 ad
1175 2460 1337 2549 quatuor
1356 2456 1570 2530 centimetra

374 2581 470 2670 latis
489 2583 689 2674 tuberosis,
709 2585 932 2675 plerumque
952 2585 1073 2657 oratis
1094 2589 1159 2657 aut
1174 2585 1356 2676 ovalibnS,
1373 2583 1569 2676 depressis

361 2697 495 2783 'rarius
539 2711 832 2802 snbcylindriciS,
877 2712 991 2784 latere
1029 2713 1220 2804 superiore
1256 2712 1370 2804 paulo
1408 2734 1572 2785 convexo

376 2837 541 2928 vestigiis
580 2837 752 2911 soliorum
792 2840 961 2912 obsolele
1006 2839 1205 2926 annulatis,
1242 2840 1356 2912 latere
1403 2839 1571 2912 inferiore

375 2965 560 3056 subplano
580 2965 769 3039 radicibus
795 2968 947 3040 resectis
968 2969 1108 3040 minute
1137 2967 1367 3051 cicatrisatis
1388 2967 1482 3039 albis
1508 2973 1571 3039 aut

374 3091 517 3180 albidis,
536 3093 769 3183 ponderosis,
792 3095 907 3184 duris,
927 3094 964 3168 in
993 3095 1156 3167 fractura
1181 3095 1329 3186 aequali
1358 3095 1568 3186 compactis

373 3219 559 3293 larinosis.

483 3385 605 3458 Sectio
639 3389 855 3458 transversa
882 3386 1018 3478 probat
1047 3389 1207 3458 stratum
1236 3385 1417 3475 corticale,
1438 3385 1568 3457 coloris

373 3512 457 3603 albi,
488 3513 579 3584 satis
600 3518 804 3604 angustum
835 3517 871 3586 et
889 3517 1034 3605 partem
1064 3513 1265 3585 centralem
1292 3511 1568 3605 amplissimam,

375 3641 599 3732 plerumque
630 3640 765 3713 coloris
795 3663 814 3713 e
844 3640 1157 3729 subflavo-albidi,
1177 3639 1362 3712 fasciculis
1396 3661 1568 3713 vasorum

371 3767 530 3859 sparsis
577 3789 711 3840 versus
764 3768 1070 3842 endodermidem
1122 3767 1408 3840 subtilissimum
1446 3767 1565 3859 copio-

372 3895 542 3968 sioribus
581 3895 623 3967 In
642 3896 934 3987 parenchymate
954 3895 1181 3985 rhizomatiS,
1202 3900 1368 3968 scatente
1405 3895 1565 3987 granulis

371 4023 483 4113 amyli
530 4023 759 4115 simplicibus
797 4024 1016 4116 plerumque
1056 4022 1238 4114 oblongis
1277 4023 1315 4094 in
1352 4045 1428 4095 una
1464 4029 1565 4116 parte

370 4137 561 4239 truncans,
590 4153 712 4243 ample
742 4151 939 4242 excavatis
968 4152 1207 4223 inveniuntur
1235 4172 1458 4223 numerosae
1487 4173 1563 4241 cry·

370 4279 468 4351 stalli
486 4279 722 4371 prismaticae
743 4280 906 4371 grandes
929 4279 1031 4351 calcii
1052 4279 1185 4350 oxalici
1204 4279 1241 4350 in
1261 4277 1427 4352 utriculis
1447 4283 1563 4350 teuer-

368 4427 482 4478 umis

416 4619 422 4628 ·
477 4569 600 4642 lutus
618 4569 842 4662 dentifriciis
862 4571 970 4642 uibus
