3574 5454
895 589 939 597 -
977 547 1052 618 rie
1089 589 1130 596 --

410 764 633 836 distantibus
662 763 699 834 in
729 763 931 854 segmentis
960 763 1084 836 nervis
1105 763 1338 836 secundariis
1359 763 1519 838 ucuaiis
1546 764 1608 836 de·

409 889 627 978 terminatis
648 912 809 983 superne
840 891 998 963 obscure
1027 889 1169 979 viridia,
1199 890 1452 983 pubescentia,
1476 892 1611 965 subtus

412 1023 581 1090 tomento
616 1018 840 1110 albo-griseo
874 1019 1041 1106 obtecta,
1077 1018 1203 1092 odoris
1236 1019 1434 1110 peculiaris
1468 1018 1611 1090 debilis,

410 1145 558 1238 saporis
578 1146 695 1218 amari
714 1145 904 1218 nauseosi.

520 1273 735 1364 Colligenda
755 1293 775 1344 e
796 1273 926 1364 planta
945 1272 1165 1361 florescenti,
1193 1272 1325 1346 sedulo
1345 1273 1520 1346 siccanda
1541 1295 1611 1345 nec

411 1401 511 1473 ultra
531 1421 672 1472 annum
692 1399 839 1472 invase
859 1400 953 1471 bene
974 1400 1102 1472 clauso
1124 1405 1231 1473 caute
1251 1402 1446 1474 servanda.

523 1526 700 1599 Tinctum.

607 1795 851 1910 notra
889 1796 1429 1933 Huoecmrmd.

522 1997 765 2094 Hyoscyamus
785 1998 885 2094 niper
903 1999 1042 2088 Linn.,
1062 2000 1192 2092 plania
1211 2021 1340 2072 annua
1361 2006 1397 2072 et
1410 2000 1559 2073 biennis
1575 2000 1613 2073 in

409 2125 596 2199 ruderaiis
617 2126 738 2198 obvia.
760 2124 975 2198 Solonaceac.

523 2253 627 2325 Folia
645 2252 831 2342 barsilona,
851 2254 890 2326 in
909 2253 1089 2346 petiolum
1109 2257 1311 2344 attenuata,
1333 2276 1454 2348 usque
1475 2255 1523 2328 ad
1542 2254 1615 2329 tria

415 2382 615 2454 decimetra
647 2381 771 2472 longa,
800 2381 1093 2472 oblongo-ovata
1122 2383 1180 2454 vel
1207 2381 1380 2473 oblonga,
1411 2388 1521 2456 acuta
1549 2388 1616 2456 aut

411 2507 634 2598 acuminata,
668 2507 754 2599 plus
783 2509 954 2582 minusve
987 2507 1173 2600 profunde
1202 2508 1520 2583 sinuato-dentata
1548 2517 1615 2582 aut

411 2635 642 2728 pinnatifida‚
670 2635 818 2706 caulina
846 2635 1431 2727 serni-anrplexicauli-sessilia,
1457 2637 1614 2725 minora,

413 2769 537 2848 ovata,
570 2783 699 2853 grosse
734 2763 793 2834 rei
825 2762 1157 2852 sinuato-dentata,
1192 2764 1318 2835 omnia
1346 2768 1446 2837 tactu
1476 2764 1613 2854 mollia,

411 2890 714 2978 riscido-villosa
730 2891 889 2963 obscure
907 2891 1049 2980 viridia,
1066 2890 1192 2963 odoris
1207 2891 1406 2982 peculiaris
1420 2893 1612 2979 muscosi,

412 3017 603 3106 narcotici,
625 3017 773 3109 saporis
792 3018 893 3106 ictui,
914 3017 1363 3090 amariusculo-subacris.

525 3143 783 3216 Exsiccatione
807 3145 916 3216 valde
942 3145 1147 3232 tabescunt,
1173 3146 1332 3237 perfecte
1356 3145 1495 3219 siccata
1523 3152 1613 3218 sunt

412 3271 728 3362 corrugatissima,
769 3271 1053 3363 glaucescentia,
1088 3273 1211 3345 nervis
1245 3273 1389 3362 albidis
1420 3277 1457 3346 et
1484 3272 1612 3346 odoris

411 3403 448 3470 et
467 3400 611 3491 saporis
632 3399 763 3490 exigui.

521 3523 738 3616 Colligenda
758 3549 777 3598 e
797 3525 928 3618 planta
948 3532 1158 3618 spontanea
1173 3530 1393 3601 florescente
1414 3532 1451 3601 et
1469 3529 1612 3602 siccata

412 3656 450 3727 in
470 3676 558 3728 vase
578 3657 673 3728 bene
694 3657 822 3728 clauso
844 3661 952 3728 eante
972 3676 1041 3727 nec
1061 3655 1158 3728 ultra
1178 3677 1320 3744 annum
1340 3657 1535 3728 servanda.

521 3781 734 3854 Eubactum.
763 3783 892 3854 (Neara.

799 4103 950 4212 Folia
974 4102 1205 4258 Malvac.

519 4325 637 4400 Medon
672 4327 828 4424 cuelfflrris
863 4328 1004 4400 Fries
1040 4333 1075 4400 et
1105 4326 1228 4400 Malao
1262 4327 1429 4401 silvestris
1461 4329 1608 4418 Lirin„

409 4455 561 4547 plantae
581 4454 776 4546 indigenae
807 4456 990 4547 vulgares,
1011 4453 1212 4527 Molvoceee.

518 4584 623 4658 Folia
651 4586 869 4676 longissime
898 4587 1087 4679 petioiata,
1118 4586 1513 4659 cordaio-orbicularia
1543 4590 1609 4659 aui

411 4714 636 4804 reniiorrnia,
657 4721 817 4806 quatuor
837 4717 884 4787 ad
906 4716 1033 4787 decern
1054 4714 1274 4788 centimetra
1292 4715 1379 4805 laia,
1409 4715 1606 4788 sublobata
