3502 5454
666 565 855 636 -9-

271 784 369 878 Apte
400 784 562 856 dilutum
591 782 637 854 ad
657 779 848 873 reagentia
868 779 1025 851 eandem
1045 778 1156 871 plane
1175 778 1359 852 rationem

162 912 311 1000 habeat,
323 932 439 1005 quam
450 912 606 984 Aridum
618 907 944 1000 hydroehloricum
955 911 1248 979 concentratum.
1262 907 1357 980 Con·

164 1041 279 1114 tinent
292 1040 330 1112 in
346 1044 497 1112 centum
517 1037 685 1132 partibus
705 1043 833 1130 partes
852 1035 940 1107 lut
956 1033 1058 1126 gosis
1077 1034 1361 1126 hydrochloriei‚

165 1173 394 1263 quapropter
409 1167 538 1240 decern
560 1165 780 1238 centimetra
799 1163 930 1237 cubica
956 1164 1023 1254 (10
1037 1160 1121 1251 CC),
1143 1162 1360 1235 aduentum

166 1297 387 1370 centimetra
415 1295 546 1366 cubica
576 1287 670 1394 (100
691 1291 763 1382 CC)
786 1291 913 1378 diluta,
942 1290 1127 1382 liquorem
1145 1289 1362 1383 praebeant,

168 1426 275 1517 quus
299 1425 430 1497 decem
460 1421 678 1495 centimetra
708 1420 837 1493 cubica
858 1421 924 1509 (10
946 1419 1018 1510 CC)
1039 1441 1107 1513 per
1125 1419 1276 1510 triginta
1295 1439 1362 1490 sex

166 1553 383 1627 centimetra
407 1550 538 1623 cubica
566 1547 755 1641 hujusque
781 1547 966 1621 decimam
984 1551 1132 1640 partem
1154 1547 1256 1636 (36·1
1285 1545 1362 1637 CC)

165 1680 363 1753 solutionis
398 1677 669 1751 aoidimetricae
700 1675 961 1748 decinormalis
987 1680 1122 1749 neutra
1149 1674 1363 1747 reddantur.

515 1999 735 2108 doidum
760 1997 1026 2108 lautioum.

278 2191 416 2283 Liquor
434 2189 622 2282 limpidus
652 2189 817 2281 spissus
849 2189 984 2261 eoloris
1006 2194 1043 2262 et
1071 2189 1198 2261 odoris
1220 2208 1363 2282 erpere,

168 2318 314 2410 saporis
335 2338 436 2389 mere
458 2317 563 2405 acidi,
593 2317 771 2409 ponderis
798 2317 962 2410 specifici
986 2315 1364 2412 1·m-1·nu,aqua‚

169 2444 408 2536 spirituum,
438 2445 589 2517 aethere
619 2444 721 2517 omni
747 2445 988 2538 proportione
1014 2445 1241 2518 miscendus.
1271 2445 1365 2517 Cum

170 2572 266 2645 kalio
278 2571 621 2664 hypermanganieo
639 2571 840 2644 calefactus
853 2571 1008 2644 odorem
1018 2571 1193 2662 aldehydi
1205 2572 1375 2674 exhalat„

169 2698 212 2771 In
231 2699 372 2772 lamina
398 2699 564 2792 platinea
593 2699 794 2771 calefactus
816 2697 1008 2790 deflagrat,
1037 2699 1227 2772 flammam
1250 2699 1367 2771 edens

171 2825 345 2915 lucidam,
364 2827 515 2899 residuo
535 2825 638 2897 nullo
657 2825 798 2898 relicto.

282 2953 431 3026 Leniter
457 2953 659 3026 calefactus
681 2952 788 3024 acida
806 2953 963 3045 pinquia
981 2975 1028 3026 ne
1048 2953 1225 3042 redoleat,
1246 2974 1368 3047 neque

175 3081 323 3172 aequali
332 3081 519 3153 volumine
536 3080 629 3153 acidi
645 3079 1369 3170 suisurioiconcentratiadmixt0,ullu1n

172 3209 337 3282 colorem
355 3209 517 3302 recipiat.

282 3335 376 3409 Cum
407 3337 535 3410 decern
564 3335 734 3428 partibus
763 3356 885 3428 aquae
913 3335 1121 3409 destillatae
1143 3336 1281 3410 dilutus
1301 3359 1371 3411 nee

172 3485 273 3557 aqua
285 3464 600 3557 hydrosulfurata,
615 3484 684 3535 nec
694 3463 810 3554 baryo
820 3463 960 3552 uitrico,
977 3469 1042 3536 aut
1057 3471 1212 3556 argento
1227 3465 1370 3554 nitrico,

174 3595 240 3663 aut
259 3591 448 3665 ammonio
468 3591 613 3663 oxalico
633 3591 814 3680 turbetur,
835 3611 979 3683 necque
1000 3612 1100 3684 aqua
1120 3593 1231 3666 caleis
1253 3594 1369 3665 abun-

174 3718 280 3792 danti
300 3719 359 3792 rel
379 3720 583 3794 calefactus
601 3723 780 3792 mutetur.

302 4040 524 4150 doidum
548 4041 803 4151 nitrioum
831 4048 1253 4151 oonoeutrutum.

283 4230 422 4323 Liquor
449 4231 639 4324 limpidus
670 4230 829 4319 decolor,
858 4232 970 4323 plane
999 4232 1169 4321 volatilis
1198 4234 1375 4325 ponderis

177 4357 339 4451 specifici
376 4360 481 4447 1·30‚
522 4379 682 4451 cuprum
714 4357 943 4432 metallicum
977 4360 1180 4451 vaporibus
1215 4382 1235 4433 e
1268 4361 1374 4433 fusco

176 4485 295 4558 rutilis
317 4486 464 4558 emissis
483 4486 604 4559 solvit.

287 4612 453 4706 Deouplo
473 4613 663 4687 volumine
693 4635 813 4706 aquae
844 4613 984 4686 dilutus
1013 4634 1083 4688 neo
1112 4636 1212 4707 aqua
1238 4616 1374 4708 hydro-

177 4743 363 4816 sulfmata
381 4743 472 4832 sola,
493 4763 563 4815 nec
582 4743 613 4814 si
634 4743 809 4835 exiguam
829 4742 1078 4836 quantitatem
1099 4742 1193 4815 acidi
1213 4745 1376 4817 tartariei
