3598 5466
685 543 920 615 -osl-

202 759 341 831 solutio
371 759 637 832 alcalimetrica
665 764 833 834 recenter
852 765 996 852 parata,
1017 761 1136 834 donec
1156 762 1259 833 color
1278 781 1403 832 caeru-

203 885 286 958 leus
307 885 461 978 liquoris
482 886 520 958 in
538 887 695 960 rubrum
715 886 892 978 agitando
911 887 1175 980 persistentem
1194 886 1321 979 vergit.

312 1012 513 1101 Quantitas
536 1017 735 1087 consumta
760 1012 960 1086 solutionis
985 1014 1269 1088 alcalimeiricae
1295 1015 1404 1088 docet

204 1140 454 1231 quantitatem
473 1141 583 1213 natrii
597 1141 884 1233 hydrooxydati,
904 1162 1003 1232 quae
1024 1143 1248 1216 centimetris
1264 1141 1404 1214 cubicis

175 1339 178 1344 .
203 1267 331 1358 viginti
352 1268 552 1342 solutionis
573 1273 738 1342 tentatae
759 1268 869 1341 inest.
898 1268 991 1342 Hinc
1011 1269 1151 1342 vicenis
1178 1269 1403 1342 centimetris

203 1395 340 1467 cubicis
369 1381 588 1469 'solutionis
627 1395 737 1468 natrii
774 1395 1049 1488 hydrooxydati
1085 1401 1142 1470 tot
1189 1396 1405 1470 centimetra

206 1521 339 1594 cubica
356 1543 478 1614 aquae
500 1521 711 1594 destillatae
733 1522 932 1627 addantur,
962 1529 1046 1618 quot
1063 1522 1157 1596 ultra
1187 1524 1406 1597 centimetra

205 1648 337 1722 cubica
351 1649 479 1741 viginti
493 1650 690 1723 solutionis
706 1650 987 1724 alcalimetricae
1003 1651 1049 1723 ad
1058 1650 1405 1724 neutralisationem

202 1776 357 1868 liquoris
379 1783 581 1850 consumto
599 1777 761 1851 fuerant.

315 1903 399 1976 Tali
419 1905 533 1977 modo
555 1906 691 1979 solutio
713 1905 964 1978 acidimetrica
984 1904 1036 1978 ita
1056 1907 1258 1980 constituta
1278 1913 1345 1996 est,
1365 1911 1406 1979 ut

202 2031 363 2124 quodvis
394 2031 476 2124 ejus
514 2035 692 2106 volumen
725 2033 808 2126 pari
837 2033 1017 2106 volumini
1050 2034 1246 2108 solutionis
1281 2035 1404 2107 010011-

203 2161 378 2232 metricae
401 2160 646 2250 aequivaleat.

358 2443 534 2528 solutio
557 2445 891 2530 aloalimetrica
911 2445 1247 2530 deoinormalls.

341 2637 344 2646 ⁴
394 2614 428 2700 (1
450 2613 507 2686 cc
527 2645 575 2678 =
594 2615 739 2687 00003
761 2637 852 2707 grm.
873 2613 1063 2706 n2c2o4÷
1078 2614 1213 2706 nmo).

338 2790 439 2870 lun
459 2791 590 2872 culici
612 2793 849 2895 crystallisati
870 2794 1055 2896 purissimi

523 2935 721 3020 0000001010
742 2949 800 2997 sex
818 2932 848 2996 ct
862 2923 1132 3021 deciqrammuto
1152 2925 1222 2996 trio
1281 2925 1399 2997 6300

197 3051 330 3124 sedulo
363 3058 524 3143 pensata
552 3052 691 3124 immite
720 3053 758 3125 in
787 3051 1028 3142 cucurbitam,
1059 3073 1157 3144 quae
1181 3072 1400 3125 mensuram

200 3177 311 3250 unius
332 3179 439 3251 litrae
459 3185 586 3252 exacte
606 3179 745 3251 indicat
766 3184 802 3252 et
821 3180 926 3251 solve
946 3179 985 3252 in

336 3303 459 3404 11οι00
480 3303 688 3383 instillatus
709 3309 834 3383 000100
853 3309 890 3383 01
909 3312 983 3386 tun
1005 3302 1244 3404 refrigeratae
1264 3331 1293 3379 s.
1314 3331 1358 3402 q.,

199 3436 239 3504 ut
259 3455 335 3505 una
354 3435 439 3506 litra
459 3433 657 3507 solutionis
679 3435 902 3508 obtineatur.

308 3559 537 3633 Solutionem
557 3583 668 3634 serva
684 3561 721 3633 in
736 3562 872 3653 lagena
881 3560 1043 3653 perfecte
1059 3561 1246 3634 exsiccata
1261 3560 1398 3653 episto-

198 3709 282 3760 meo
303 3687 398 3760 bene
420 3689 547 3761 clauso
568 3711 591 3761 a
611 3689 692 3762 lucc
712 3695 867 3763 remoto.

308 3813 429 3905 Hujus
451 3817 651 3889 solutionis
668 3817 930 3890 centimetrum
946 3816 1118 3889 cubicum
1139 3838 1266 3904 unum,
1297 3817 1398 3909 quod

200 3942 366 4014 continet
411 3943 471 4014 cu
507 3944 811 4035 milligrammata
844 3942 939 4035 acidi
979 3944 1111 4017 oxalici
1150 3943 1398 4034 crystallisati,

199 4075 362 4163 quatuor
394 4047 698 4162 milligrammata
736 4071 846 4144 natrii
878 4070 1154 4162 hydrooxydati
1189 4071 1266 4143 sive
1301 4071 1395 4144 deci-

199 4219 299 4270 mam
320 4203 468 4289 partem
494 4199 672 4291 ponderis
694 4199 968 4292 aequivalentis
1000 4198 1167 4290 cujusvis
1198 4200 1294 4273 alius
1316 4222 1395 4272 cor·
1516 4179 1519 4186 ¹

197 4325 298 4416 poris
330 4327 448 4399 basici
467 4328 631 4419 perfecte
652 4333 784 4400 neutra
810 4327 932 4401 reddit
952 4333 987 4401 et
1006 4328 1058 4400 sic
1077 4326 1192 4421 hujus
1214 4328 1398 4419 quantita·

199 4459 273 4524 tem
294 4476 361 4546 per
380 4455 687 4547 milligrammata
708 4477 928 4549 expressam
948 4456 1136 4529 calculare
1155 4456 1342 4548 permittit.

308 4581 450 4655 Solutio
489 4606 567 4657 non
597 4584 659 4657 diu
689 4584 832 4675 integra
861 4588 1001 4672 manet,
1028 4606 1144 4676 quare
1180 4582 1262 4673 ejus
1292 4583 1398 4656 valor

199 4707 352 4800 saepius
400 4710 589 4783 solutione
645 4712 730 4784 kalii
779 4711 1113 4804 lrypermanganici
1151 4711 1397 4783 volumetrica
