3576 5454
894 459 1137 533 -010-

554 674 673 776 Aquae
694 673 901 754 destillatao
922 675 1062 755 calidae
1116 679 1287 776 gratantia
1307 678 1471 771 treventin,
1536 681 1609 751 300

418 824 551 896 deinde
571 823 668 897 adde

553 968 723 1049 Saoohorl
744 970 950 1072 pulveratl-
979 979 1181 1071 grammato
1200 972 1441 1069 quadraginta
1561 972 1609 1044 40

418 1120 533 1194 mixta
553 1142 639 1193 cum

552 1262 629 1341 (lloi
649 1263 736 1342 dibi
1243 1271 1345 1362 patto
1364 1288 1448 1335 ana.

525 1411 725 1505 Liquorem
754 1411 934 1485 filtratum
964 1416 1000 1484 et
1025 1411 1282 1503 refrigeratum
1310 1409 1465 1483 immitte
1495 1411 1534 1481 in
1563 1410 1610 1482 la·

417 1560 552 1631 genam
570 1540 748 1612 idoneam
769 1546 804 1612 et
825 1539 896 1612 cito
915 1538 1022 1629 injice
1169 1617 1171 1623 Α

553 1679 665 1759 Natrii
685 1679 988 1781 lrydrooarbonlci
1007 1682 1043 1760 ln
1065 1681 1232 1759 frustulis

933 1835 1095 1909 prarnma
1113 1835 1223 1882 unum
1243 1818 1274 1883 et
1292 1811 1491 1883 dineidinm.
1554 1811 1610 1883 1·5

525 1959 678 2050 Lagena
699 1958 826 2030 statim
847 1958 1044 2031 claudatur
1064 1958 1198 2031 subere
1220 1965 1256 2031 et
1274 1958 1475 2050 ligamento
1500 1961 1612 2028 antea

417 2087 672 2176 accomodate,
694 2108 738 2159 eo
756 2087 879 2175 modo,
901 2108 975 2178 quo
991 2087 1148 2178 lagenae
1169 2107 1255 2158 curn
1275 2084 1482 2178 liquoribus
1504 2083 1610 2156 elfer-

417 2215 655 2288 vescentibus
671 2213 844 2307 impletae
865 2213 1029 2286 obturari
1049 2220 1085 2286 ct
1103 2212 1209 2304 ligari
1229 2213 1361 2286 solent.

671 2717 846 2860 Pulpo
870 2715 1090 2826 Cassiae
1118 2715 1367 2824 listulac.

416 2979 516 3071 Rpe:
552 2976 702 3054 llructus
722 2975 863 3054 bessiae
882 2974 1039 3053 listune
1095 3001 1127 3072 q.
1149 3003 1180 3049 o.

526 3125 653 3197 Exime
690 3125 846 3218 pulpam
883 3145 968 3195 cum
1008 3122 1283 3216 dissepimentis
1318 3125 1546 3198 transversis
1582 3131 1616 3198 el

419 3253 624 3325 seminibus
646 3274 716 3344 ope
737 3251 920 3344 spatulae,
941 3251 1021 3322 elue
1043 3272 1129 3322 cum

552 3396 673 3497 lqnac
693 3395 901 3475 destillatac
919 3394 1067 3493 tepidae
1122 3421 1148 3469 c.
1172 3422 1203 3492 q.

526 3543 670 3635 Trajice
690 3565 758 3637 per
778 3543 942 3616 cribrum
963 3549 1164 3630 setaceum‚
1186 3547 1222 3616 et
1240 3543 1406 3636 inspissa
1419 3545 1457 3617 iu
1478 3545 1614 3618 balneo

416 3694 537 3764 aquae
567 3672 603 3743 in
623 3691 715 3742 vase
740 3671 976 3763 porcellaneo
1004 3672 1051 3743 ad
1071 3671 1223 3744 extracti
1250 3672 1376 3763 liquidi
1403 3673 1613 3750 consisten-

416 3801 516 3887 tiam,
538 3799 623 3870 dein
642 3797 808 3870 admisce

552 3940 686 4042 Pulpud
744 3943 850 4015 ternis
864 3944 1032 4038 partibus

554 4086 721 4168 Sabellari
742 4086 922 4188 pulveratl
974 4096 1113 4182 partem
1136 4113 1240 4161 ιιιιαιιι

419 4245 454 4311 ct
473 4237 740 4331 evaporatione
765 4235 803 4306 in
833 4236 966 4307 balneo
998 4257 1118 4327 aquae
1148 4235 1315 4326 inspissn
1344 4235 1381 4308 in
1410 4236 1613 4329 legitimam

416 4367 552 4460 pulpae
573 4363 863 4437 consistentiam.

525 4510 580 4583 Sit
599 4511 726 4583 odoris
746 4509 885 4594 melliti,
907 4509 1054 4602 soporis
1080 4514 1184 4601 grate
1205 4507 1335 4580 dulcis.
