<?xml version="1.0" encoding="UTF-8"?>
<!DOCTYPE html PUBLIC "-//W3C//DTD XHTML 1.0 Transitional//EN"
    "http://www.w3.org/TR/xhtml1/DTD/xhtml1-transitional.dtd">
<html xmlns="http://www.w3.org/1999/xhtml" xml:lang="en" lang="en">
 <head>
  <title>
</title>
<meta http-equiv="Content-Type" content="text/html;charset=utf-8" />
  <meta name='ocr-system' content='tesseract 3.04.00' />
  <meta name='ocr-capabilities' content='ocr_page ocr_carea ocr_par ocr_line ocrx_word'/>
</head>
<body>
  <div class='ocr_page' id='page_1' title='image "./pharmacopoeaaus00unkngoog_0161.png"; bbox 0 0 3574 5454; ppageno 0'>
   <div class='ocr_carea' id='block_1_1' title="bbox 866 511 1100 583">
    <p class='ocr_par' dir='ltr' id='par_1_1' title="bbox 866 511 1100 583">
     <span class='ocr_line' id='line_1_1' title="bbox 866 511 1100 583; baseline 0.013 -3"><span class='ocrx_word' id='word_1_1' title='bbox 866 511 1100 583; x_wconf 51' lang='lat'>*134-</span> 
     </span>
    </p>
   </div>
   <div class='ocr_carea' id='block_1_2' title="bbox 380 725 1581 1056">
    <p class='ocr_par' dir='ltr' id='par_1_2' title="bbox 380 725 1581 1056">
     <span class='ocr_line' id='line_1_2' title="bbox 490 725 1581 826; baseline 0.008 -28"><span class='ocrx_word' id='word_1_2' title='bbox 490 725 633 798; x_wconf 90' lang='lat' dir='ltr'><strong>Solutio</strong></span> <span class='ocrx_word' id='word_1_3' title='bbox 672 725 805 799; x_wconf 84' lang='lat' dir='ltr'><strong>iterum</strong></span> <span class='ocrx_word' id='word_1_4' title='bbox 854 728 976 800; x_wconf 85' lang='lat' dir='ltr'><strong>colata</strong></span> <span class='ocrx_word' id='word_1_5' title='bbox 1012 728 1087 801; x_wconf 92' lang='lat' dir='ltr'><strong>leni</strong></span> <span class='ocrx_word' id='word_1_6' title='bbox 1132 730 1217 821; x_wconf 85' lang='lat' dir='ltr'>igne</span> <span class='ocrx_word' id='word_1_7' title='bbox 1265 739 1488 826; x_wconf 77' lang='lat' dir='ltr'><strong>evaporatur</strong></span> <span class='ocrx_word' id='word_1_8' title='bbox 1532 735 1581 806; x_wconf 90' lang='lat' dir='ltr'><strong>ad</strong></span> 
     </span>
     <span class='ocr_line' id='line_1_3' title="bbox 381 853 1581 951; baseline 0.008 -26"><span class='ocrx_word' id='word_1_9' title='bbox 381 853 586 925; x_wconf 90' lang='lat' dir='ltr'><strong>dimidium.</strong></span> <span class='ocrx_word' id='word_1_10' title='bbox 635 855 776 927; x_wconf 82' lang='lat' dir='ltr'>Deinde</span> <span class='ocrx_word' id='word_1_11' title='bbox 825 877 961 947; x_wconf 85' lang='lat' dir='ltr'><strong>spuma</strong></span> <span class='ocrx_word' id='word_1_12' title='bbox 1009 862 1045 929; x_wconf 89' lang='lat' dir='ltr'><strong>ct</strong></span> <span class='ocrx_word' id='word_1_13' title='bbox 1090 857 1264 949; x_wconf 88' lang='lat' dir='ltr'><strong>pellicula</strong></span> <span class='ocrx_word' id='word_1_14' title='bbox 1312 867 1581 951; x_wconf 76' lang='lat' dir='ltr'><strong>supernatante</strong></span> 
     </span>
     <span class='ocr_line' id='line_1_4' title="bbox 380 983 864 1056; baseline 0.004 -4"><span class='ocrx_word' id='word_1_15' title='bbox 380 985 552 1053; x_wconf 90' lang='lat' dir='ltr'><strong>accurate</strong></span> <span class='ocrx_word' id='word_1_16' title='bbox 573 983 747 1056; x_wconf 86' lang='lat' dir='ltr'><strong>detractis</strong></span> <span class='ocrx_word' id='word_1_17' title='bbox 769 983 864 1056; x_wconf 93' lang='lat' dir='ltr'><strong>adde</strong></span> 
     </span>
    </p>
   </div>
   <div class='ocr_carea' id='block_1_3' title="bbox 514 1122 1578 1356">
    <p class='ocr_par' dir='ltr' id='par_1_3' title="bbox 514 1122 1578 1356">
     <span class='ocr_line' id='line_1_5' title="bbox 514 1122 970 1226; baseline 0.009 -27"><span class='ocrx_word' id='word_1_18' title='bbox 514 1122 636 1226; x_wconf 75' lang='lat' dir='ltr'><strong>Aquae</strong></span> <span class='ocrx_word' id='word_1_19' title='bbox 656 1126 818 1203; x_wconf 68' lang='lat' dir='ltr'><strong>Arruntii</strong></span> <span class='ocrx_word' id='word_1_20' title='bbox 842 1126 970 1205; x_wconf 74' lang='lat' dir='ltr'><strong>ilerum</strong></span> 
     </span>
     <span class='ocr_line' id='line_1_6' title="bbox 920 1259 1578 1356; baseline 0.006 -28"><span class='ocrx_word' id='word_1_21' title='bbox 920 1265 1122 1352; x_wconf 71' lang='lat' dir='ltr'><strong>prouocato</strong></span> <span class='ocrx_word' id='word_1_22' title='bbox 1141 1259 1389 1356; x_wconf 76' lang='lat' dir='ltr'><strong>quadruplata.</strong></span> <span class='ocrx_word' id='word_1_23' title='bbox 1525 1262 1578 1332; x_wconf 83' lang='lat'><strong>40</strong></span> 
     </span>
    </p>
   </div>
   <div class='ocr_carea' id='block_1_4' title="bbox 378 1401 1579 1750">
    <p class='ocr_par' dir='ltr' id='par_1_4' title="bbox 378 1401 1579 1750">
     <span class='ocr_line' id='line_1_7' title="bbox 487 1401 1579 1496; baseline 0.003 -23"><span class='ocrx_word' id='word_1_24' title='bbox 487 1401 653 1475; x_wconf 81' lang='lat' dir='ltr'><strong>Massam</strong></span> <span class='ocrx_word' id='word_1_25' title='bbox 672 1402 823 1474; x_wconf 87' lang='lat' dir='ltr'><strong>inl&#39;unde</strong></span> <span class='ocrx_word' id='word_1_26' title='bbox 848 1402 887 1474; x_wconf 92' lang='lat' dir='ltr'><strong>in</strong></span> <span class='ocrx_word' id='word_1_27' title='bbox 915 1403 1092 1496; x_wconf 81' lang='lat' dir='ltr'><strong>capsulas</strong></span> <span class='ocrx_word' id='word_1_28' title='bbox 1119 1403 1354 1494; x_wconf 81' lang='lat' dir='ltr'><strong>clrartaeeas;</strong></span> <span class='ocrx_word' id='word_1_29' title='bbox 1382 1406 1519 1478; x_wconf 90' lang='lat' dir='ltr'><strong>siccam</strong></span> <span class='ocrx_word' id='word_1_30' title='bbox 1539 1405 1579 1476; x_wconf 93' lang='lat' dir='ltr'><strong>in</strong></span> 
     </span>
     <span class='ocr_line' id='line_1_8' title="bbox 378 1529 867 1603; baseline 0.004 -3"><span class='ocrx_word' id='word_1_31' title='bbox 378 1529 540 1602; x_wconf 82' lang='lat' dir='ltr'><strong>frustula</strong></span> <span class='ocrx_word' id='word_1_32' title='bbox 559 1530 707 1603; x_wconf 90' lang='lat' dir='ltr'><strong>minora</strong></span> <span class='ocrx_word' id='word_1_33' title='bbox 727 1530 867 1602; x_wconf 80' lang='lat' dir='ltr'><strong>scinde.</strong></span> 
     </span>
     <span class='ocr_line' id='line_1_9' title="bbox 487 1656 1058 1750; baseline 0.005 -22"><span class='ocrx_word' id='word_1_34' title='bbox 487 1656 542 1729; x_wconf 88' lang='lat' dir='ltr'><strong>Sit</strong></span> <span class='ocrx_word' id='word_1_35' title='bbox 563 1656 761 1750; x_wconf 89' lang='lat' dir='ltr'><strong>diaphana,</strong></span> <span class='ocrx_word' id='word_1_36' title='bbox 783 1681 802 1730; x_wconf 89' lang='lat' dir='ltr'><strong>e</strong></span> <span class='ocrx_word' id='word_1_37' title='bbox 822 1659 1058 1731; x_wconf 80' lang='lat' dir='ltr'><strong>lusco-flava.</strong></span> 
     </span>
    </p>
   </div>
   <div class='ocr_carea' id='block_1_5' title="bbox 704 2086 1245 2235">
    <p class='ocr_par' dir='ltr' id='par_1_5' title="bbox 704 2086 1245 2235">
     <span class='ocr_line' id='line_1_10' title="bbox 704 2086 1245 2235; baseline 0.006 -38"><span class='ocrx_word' id='word_1_38' title='bbox 704 2086 1007 2199; x_wconf 78' lang='lat' dir='ltr'><strong>Glandolao</strong></span> <span class='ocrx_word' id='word_1_39' title='bbox 1032 2091 1245 2235; x_wconf 88' lang='lat' dir='ltr'><strong>lmpnli.</strong></span> 
     </span>
    </p>
   </div>
   <div class='ocr_carea' id='block_1_6' title="bbox 851 2319 1102 2421">
    <p class='ocr_par' dir='ltr' id='par_1_6' title="bbox 851 2319 1102 2421">
     <span class='ocr_line' id='line_1_11' title="bbox 851 2319 1102 2421; baseline 0 -23"><span class='ocrx_word' id='word_1_40' title='bbox 851 2319 1102 2421; x_wconf 90' lang='lat' dir='ltr'><strong>Lupulinum.</strong></span> 
     </span>
    </p>
   </div>
   <div class='ocr_carea' id='block_1_7' title="bbox 366 2512 1575 4771">
    <p class='ocr_par' dir='ltr' id='par_1_7' title="bbox 374 2512 1575 2733">
     <span class='ocr_line' id='line_1_12' title="bbox 487 2512 1575 2608; baseline 0.005 -25"><span class='ocrx_word' id='word_1_41' title='bbox 487 2513 662 2584; x_wconf 78' lang='lat' dir='ltr'><strong>llunrulus</strong></span> <span class='ocrx_word' id='word_1_42' title='bbox 681 2512 846 2608; x_wconf 80' lang='lat' dir='ltr'><strong>Lupulus</strong></span> <span class='ocrx_word' id='word_1_43' title='bbox 864 2515 999 2603; x_wconf 87' lang='lat' dir='ltr'><strong>Linn.,</strong></span> <span class='ocrx_word' id='word_1_44' title='bbox 1030 2516 1212 2587; x_wconf 84' lang='lat' dir='ltr'><strong>suffrutcx</strong></span> <span class='ocrx_word' id='word_1_45' title='bbox 1242 2516 1442 2604; x_wconf 71' lang='lat' dir='ltr'><strong>scandens</strong></span> <span class='ocrx_word' id='word_1_46' title='bbox 1473 2516 1575 2607; x_wconf 92' lang='lat' dir='ltr'><strong>apud</strong></span> 
     </span>
     <span class='ocr_line' id='line_1_13' title="bbox 374 2640 1438 2733; baseline 0 -21"><span class='ocrx_word' id='word_1_47' title='bbox 374 2663 444 2713; x_wconf 88' lang='lat' dir='ltr'><strong>nos</strong></span> <span class='ocrx_word' id='word_1_48' title='bbox 465 2647 698 2733; x_wconf 87' lang='lat' dir='ltr'><strong>spontaneus</strong></span> <span class='ocrx_word' id='word_1_49' title='bbox 720 2646 756 2715; x_wconf 88' lang='lat' dir='ltr'><strong>ct</strong></span> <span class='ocrx_word' id='word_1_50' title='bbox 775 2641 908 2730; x_wconf 75' lang='lat' dir='ltr'><strong>cultus</strong></span> <span class='ocrx_word' id='word_1_51' title='bbox 928 2641 1158 2715; x_wconf 88' lang='lat' dir='ltr'><strong>notissimus.</strong></span> <span class='ocrx_word' id='word_1_52' title='bbox 1186 2640 1438 2714; x_wconf 80' lang='lat' dir='ltr'><strong>Cannabiueoe.</strong></span> 
     </span>
    </p>

    <p class='ocr_par' dir='ltr' id='par_1_8' title="bbox 367 2768 1570 4137">
     <span class='ocr_line' id='line_1_14' title="bbox 483 2768 1570 2861; baseline 0.003 -22"><span class='ocrx_word' id='word_1_53' title='bbox 483 2768 610 2840; x_wconf 89' lang='lat' dir='ltr'><strong>Pulvis</strong></span> <span class='ocrx_word' id='word_1_54' title='bbox 623 2769 914 2859; x_wconf 77' lang='lat' dir='ltr'><strong>grossiusculuS,</strong></span> <span class='ocrx_word' id='word_1_55' title='bbox 930 2769 1224 2861; x_wconf 86' lang='lat' dir='ltr'><strong>inaequabilis‚a</strong></span> <span class='ocrx_word' id='word_1_56' title='bbox 1240 2769 1405 2842; x_wconf 89' lang='lat' dir='ltr'><strong>strobilis</strong></span> <span class='ocrx_word' id='word_1_57' title='bbox 1420 2769 1570 2860; x_wconf 89' lang='lat' dir='ltr'><strong>plantae</strong></span> 
     </span>
     <span class='ocr_line' id='line_1_15' title="bbox 372 2895 1570 2989; baseline 0.003 -23"><span class='ocrx_word' id='word_1_58' title='bbox 372 2901 541 2968; x_wconf 79' lang='lat' dir='ltr'><strong>recenter</strong></span> <span class='ocrx_word' id='word_1_59' title='bbox 569 2895 717 2968; x_wconf 87' lang='lat' dir='ltr'><strong>siccatis</strong></span> <span class='ocrx_word' id='word_1_60' title='bbox 748 2918 817 2988; x_wconf 86' lang='lat' dir='ltr'><strong>ope</strong></span> <span class='ocrx_word' id='word_1_61' title='bbox 847 2897 954 2967; x_wconf 87' lang='lat' dir='ltr'><strong>cribri</strong></span> <span class='ocrx_word' id='word_1_62' title='bbox 984 2897 1122 2968; x_wconf 86' lang='lat' dir='ltr'><strong>setacci</strong></span> <span class='ocrx_word' id='word_1_63' title='bbox 1149 2902 1357 2989; x_wconf 85' lang='lat' dir='ltr'><strong>separatus,</strong></span> <span class='ocrx_word' id='word_1_64' title='bbox 1386 2897 1570 2970; x_wconf 89' lang='lat' dir='ltr'><strong>colorise</strong></span> 
     </span>
     <span class='ocr_line' id='line_1_16' title="bbox 372 3022 1570 3116; baseline 0.003 -22"><span class='ocrx_word' id='word_1_65' title='bbox 372 3022 481 3094; x_wconf 87' lang='lat' dir='ltr'><strong>viridi</strong></span> <span class='ocrx_word' id='word_1_66' title='bbox 510 3023 607 3112; x_wconf 84' lang='lat' dir='ltr'><strong>ssavi,</strong></span> <span class='ocrx_word' id='word_1_67' title='bbox 643 3024 939 3115; x_wconf 87' lang='lat' dir='ltr'><strong>subglutinosus,</strong></span> <span class='ocrx_word' id='word_1_68' title='bbox 975 3023 1100 3097; x_wconf 89' lang='lat' dir='ltr'><strong>odoris</strong></span> <span class='ocrx_word' id='word_1_69' title='bbox 1133 3025 1331 3116; x_wconf 90' lang='lat' dir='ltr'><strong>peculiaris</strong></span> <span class='ocrx_word' id='word_1_70' title='bbox 1360 3024 1570 3116; x_wconf 85' lang='lat' dir='ltr'><strong>fragrantis,</strong></span> 
     </span>
     <span class='ocr_line' id='line_1_17' title="bbox 375 3151 1569 3246; baseline 0.003 -25"><span class='ocrx_word' id='word_1_71' title='bbox 375 3151 523 3242; x_wconf 87' lang='lat' dir='ltr'><strong>saporis</strong></span> <span class='ocrx_word' id='word_1_72' title='bbox 540 3151 892 3240; x_wconf 88' lang='lat' dir='ltr'><strong>aromatico-amari,</strong></span> <span class='ocrx_word' id='word_1_73' title='bbox 914 3151 1145 3243; x_wconf 89' lang='lat' dir='ltr'><strong>compositus</strong></span> <span class='ocrx_word' id='word_1_74' title='bbox 1165 3158 1314 3244; x_wconf 86' lang='lat' dir='ltr'><strong>praeter</strong></span> <span class='ocrx_word' id='word_1_75' title='bbox 1332 3173 1455 3246; x_wconf 90' lang='lat' dir='ltr'><strong>pauca</strong></span> <span class='ocrx_word' id='word_1_76' title='bbox 1474 3152 1569 3244; x_wconf 87' lang='lat' dir='ltr'><strong>frag-</strong></span> 
     </span>
     <span class='ocr_line' id='line_1_18' title="bbox 374 3276 1570 3373; baseline 0.003 -24"><span class='ocrx_word' id='word_1_77' title='bbox 374 3281 503 3350; x_wconf 90' lang='lat' dir='ltr'><strong>menta</strong></span> <span class='ocrx_word' id='word_1_78' title='bbox 541 3276 699 3352; x_wconf 88' lang='lat' dir='ltr'><strong>aliarum</strong></span> <span class='ocrx_word' id='word_1_79' title='bbox 738 3282 888 3373; x_wconf 88' lang='lat' dir='ltr'><strong>plantae</strong></span> <span class='ocrx_word' id='word_1_80' title='bbox 926 3279 1077 3352; x_wconf 89' lang='lat' dir='ltr'><strong>Humnli</strong></span> <span class='ocrx_word' id='word_1_81' title='bbox 1115 3281 1278 3372; x_wconf 81' lang='lat' dir='ltr'><strong>partium</strong></span> <span class='ocrx_word' id='word_1_82' title='bbox 1326 3303 1345 3353; x_wconf 89' lang='lat' dir='ltr'><strong>e</strong></span> <span class='ocrx_word' id='word_1_83' title='bbox 1384 3280 1570 3372; x_wconf 83' lang='lat' dir='ltr'><strong>glandulis</strong></span> 
     </span>
     <span class='ocr_line' id='line_1_19' title="bbox 371 3405 1567 3498; baseline 0.004 -23"><span class='ocrx_word' id='word_1_84' title='bbox 371 3405 589 3496; x_wconf 83' lang='lat' dir='ltr'><strong>plerumque</strong></span> <span class='ocrx_word' id='word_1_85' title='bbox 619 3407 825 3496; x_wconf 86' lang='lat' dir='ltr'><strong>turbinatis,</strong></span> <span class='ocrx_word' id='word_1_86' title='bbox 855 3406 1196 3498; x_wconf 86' lang='lat' dir='ltr'><strong>copulaeiormibus</strong></span> <span class='ocrx_word' id='word_1_87' title='bbox 1227 3412 1291 3480; x_wconf 92' lang='lat' dir='ltr'><strong>aut</strong></span> <span class='ocrx_word' id='word_1_88' title='bbox 1319 3406 1567 3498; x_wconf 72' lang='lat' dir='ltr'><strong>subglobpsiS,</strong></span> 
     </span>
     <span class='ocr_line' id='line_1_20' title="bbox 369 3533 1569 3627; baseline -0.001 -21"><span class='ocrx_word' id='word_1_89' title='bbox 369 3536 456 3627; x_wconf 90' lang='lat' dir='ltr'><strong>plus</strong></span> <span class='ocrx_word' id='word_1_90' title='bbox 491 3533 664 3607; x_wconf 86' lang='lat' dir='ltr'><strong>minusve</strong></span> <span class='ocrx_word' id='word_1_91' title='bbox 692 3534 814 3624; x_wconf 85' lang='lat' dir='ltr'><strong>victis,</strong></span> <span class='ocrx_word' id='word_1_92' title='bbox 849 3533 1103 3624; x_wconf 82' lang='lat' dir='ltr'><strong>magnitudine</strong></span> <span class='ocrx_word' id='word_1_93' title='bbox 1137 3535 1431 3608; x_wconf 75' lang='lat'>0·140-0·⁶230</span> <span class='ocrx_word' id='word_1_94' title='bbox 1464 3535 1569 3607; x_wconf 93' lang='lat' dir='ltr'><strong>milli-</strong></span> 
     </span>
     <span class='ocr_line' id='line_1_21' title="bbox 370 3661 1569 3754; baseline -0.001 -20"><span class='ocrx_word' id='word_1_95' title='bbox 370 3663 486 3752; x_wconf 87' lang='lat' dir='ltr'><strong>metri,</strong></span> <span class='ocrx_word' id='word_1_96' title='bbox 513 3683 672 3754; x_wconf 89' lang='lat' dir='ltr'><strong>quarum</strong></span> <span class='ocrx_word' id='word_1_97' title='bbox 702 3661 870 3754; x_wconf 85' lang='lat' dir='ltr'><strong>singulae</strong></span> <span class='ocrx_word' id='word_1_98' title='bbox 897 3667 1114 3735; x_wconf 87' lang='lat' dir='ltr'><strong>constante</strong></span> <span class='ocrx_word' id='word_1_99' title='bbox 1140 3665 1289 3736; x_wconf 88' lang='lat' dir='ltr'><strong>sacculo</strong></span> <span class='ocrx_word' id='word_1_100' title='bbox 1310 3661 1511 3752; x_wconf 87' lang='lat' dir='ltr'><strong>cuticulari,</strong></span> <span class='ocrx_word' id='word_1_101' title='bbox 1531 3662 1569 3733; x_wconf 92' lang='lat' dir='ltr'><strong>in</strong></span> 
     </span>
     <span class='ocr_line' id='line_1_22' title="bbox 369 3788 1568 3882; baseline 0.001 -21"><span class='ocrx_word' id='word_1_102' title='bbox 369 3796 475 3880; x_wconf 88' lang='lat' dir='ltr'><strong>parte</strong></span> <span class='ocrx_word' id='word_1_103' title='bbox 498 3788 672 3863; x_wconf 87' lang='lat' dir='ltr'><strong>inferiore</strong></span> <span class='ocrx_word' id='word_1_104' title='bbox 702 3789 998 3882; x_wconf 84' lang='lat' dir='ltr'><strong>hemisphaerion</strong></span> <span class='ocrx_word' id='word_1_105' title='bbox 1029 3789 1170 3862; x_wconf 90' lang='lat' dir='ltr'><strong>cellulis</strong></span> <span class='ocrx_word' id='word_1_106' title='bbox 1205 3790 1358 3863; x_wconf 91' lang='lat' dir='ltr'><strong>minutis</strong></span> <span class='ocrx_word' id='word_1_107' title='bbox 1392 3790 1568 3864; x_wconf 87' lang='lat' dir='ltr'><strong>tabulatis</strong></span> 
     </span>
     <span class='ocr_line' id='line_1_23' title="bbox 368 3916 1567 4008; baseline 0.002 -20"><span class='ocrx_word' id='word_1_108' title='bbox 368 3917 566 4008; x_wconf 88' lang='lat' dir='ltr'><strong>polygonis</strong></span> <span class='ocrx_word' id='word_1_109' title='bbox 593 3916 755 3991; x_wconf 91' lang='lat' dir='ltr'><strong>obducto</strong></span> <span class='ocrx_word' id='word_1_110' title='bbox 785 3923 821 3990; x_wconf 87' lang='lat' dir='ltr'><strong>ct</strong></span> <span class='ocrx_word' id='word_1_111' title='bbox 840 3917 923 3989; x_wconf 91' lang='lat' dir='ltr'><strong>olco</strong></span> <span class='ocrx_word' id='word_1_112' title='bbox 944 3917 1120 3990; x_wconf 87' lang='lat' dir='ltr'><strong>aethereo</strong></span> <span class='ocrx_word' id='word_1_113' title='bbox 1146 3922 1210 3990; x_wconf 91' lang='lat' dir='ltr'><strong>aut</strong></span> <span class='ocrx_word' id='word_1_114' title='bbox 1236 3917 1409 3990; x_wconf 93' lang='lat' dir='ltr'><strong>balsamo</strong></span> <span class='ocrx_word' id='word_1_115' title='bbox 1439 3917 1567 3991; x_wconf 86' lang='lat' dir='ltr'><strong>citrino</strong></span> 
     </span>
     <span class='ocr_line' id='line_1_24' title="bbox 367 4045 522 4137; baseline 0.006 -21"><span class='ocrx_word' id='word_1_116' title='bbox 367 4045 522 4137; x_wconf 76' lang='lat' dir='ltr'><strong>repleto,</strong></span> 
     </span>
    </p>

    <p class='ocr_par' dir='ltr' id='par_1_9' title="bbox 366 4170 1569 4771">
     <span class='ocr_line' id='line_1_25' title="bbox 477 4170 1567 4266; baseline 0.003 -24"><span class='ocrx_word' id='word_1_117' title='bbox 477 4170 580 4243; x_wconf 89' lang='lat' dir='ltr'><strong>Merx</strong></span> <span class='ocrx_word' id='word_1_118' title='bbox 600 4170 797 4244; x_wconf 87' lang='lat' dir='ltr'><strong>combusta</strong></span> <span class='ocrx_word' id='word_1_119' title='bbox 822 4193 868 4243; x_wconf 89' lang='lat' dir='ltr'><strong>ne</strong></span> <span class='ocrx_word' id='word_1_120' title='bbox 893 4172 979 4264; x_wconf 88' lang='lat' dir='ltr'><strong>plus</strong></span> <span class='ocrx_word' id='word_1_121' title='bbox 1002 4194 1115 4266; x_wconf 92' lang='lat' dir='ltr'><strong>quam</strong></span> <span class='ocrx_word' id='word_1_122' title='bbox 1135 4172 1265 4244; x_wconf 88' lang='lat' dir='ltr'><strong>decem</strong></span> <span class='ocrx_word' id='word_1_123' title='bbox 1284 4178 1411 4264; x_wconf 86' lang='lat' dir='ltr'><strong>partes</strong></span> <span class='ocrx_word' id='word_1_124' title='bbox 1433 4171 1567 4246; x_wconf 88' lang='lat' dir='ltr'><strong>cineris</strong></span> 
     </span>
     <span class='ocr_line' id='line_1_26' title="bbox 368 4298 1569 4392; baseline 0.002 -24"><span class='ocrx_word' id='word_1_125' title='bbox 368 4298 585 4388; x_wconf 77' lang='lat' dir='ltr'><strong>apartibus</strong></span> <span class='ocrx_word' id='word_1_126' title='bbox 616 4306 766 4371; x_wconf 86' lang='lat' dir='ltr'><strong>centum</strong></span> <span class='ocrx_word' id='word_1_127' title='bbox 795 4299 990 4392; x_wconf 89' lang='lat' dir='ltr'><strong>relinquat.</strong></span> <span class='ocrx_word' id='word_1_128' title='bbox 1021 4299 1073 4372; x_wconf 85' lang='lat' dir='ltr'><strong>Ne</strong></span> <span class='ocrx_word' id='word_1_129' title='bbox 1102 4299 1201 4372; x_wconf 90' lang='lat' dir='ltr'><strong>ultra</strong></span> <span class='ocrx_word' id='word_1_130' title='bbox 1229 4320 1371 4372; x_wconf 91' lang='lat' dir='ltr'><strong>annum</strong></span> <span class='ocrx_word' id='word_1_131' title='bbox 1404 4298 1442 4370; x_wconf 93' lang='lat' dir='ltr'><strong>in</strong></span> <span class='ocrx_word' id='word_1_132' title='bbox 1476 4319 1569 4370; x_wconf 86' lang='lat' dir='ltr'><strong>vase</strong></span> 
     </span>
     <span class='ocr_line' id='line_1_27' title="bbox 367 4424 1566 4515; baseline 0.001 -19"><span class='ocrx_word' id='word_1_133' title='bbox 367 4424 462 4496; x_wconf 87' lang='lat' dir='ltr'><strong>bene</strong></span> <span class='ocrx_word' id='word_1_134' title='bbox 482 4424 608 4497; x_wconf 86' lang='lat' dir='ltr'><strong>clauso</strong></span> <span class='ocrx_word' id='word_1_135' title='bbox 628 4448 650 4497; x_wconf 93' lang='lat' dir='ltr'><strong>a</strong></span> <span class='ocrx_word' id='word_1_136' title='bbox 669 4425 752 4499; x_wconf 92' lang='lat' dir='ltr'><strong>lucc</strong></span> <span class='ocrx_word' id='word_1_137' title='bbox 771 4432 915 4501; x_wconf 86' lang='lat' dir='ltr'><strong>remoto</strong></span> <span class='ocrx_word' id='word_1_138' title='bbox 935 4432 1114 4499; x_wconf 88' lang='lat' dir='ltr'><strong>servetur.</strong></span> <span class='ocrx_word' id='word_1_139' title='bbox 1132 4426 1234 4499; x_wconf 89' lang='lat' dir='ltr'><strong>Merx</strong></span> <span class='ocrx_word' id='word_1_140' title='bbox 1249 4431 1409 4515; x_wconf 87' lang='lat' dir='ltr'><strong>vetusta,</strong></span> <span class='ocrx_word' id='word_1_141' title='bbox 1430 4425 1566 4498; x_wconf 88' lang='lat' dir='ltr'><strong>coloris</strong></span> 
     </span>
     <span class='ocr_line' id='line_1_28' title="bbox 367 4552 1568 4644; baseline 0.002 -21"><span class='ocrx_word' id='word_1_142' title='bbox 367 4552 573 4625; x_wconf 90' lang='lat' dir='ltr'><strong>aurantiaci</strong></span> <span class='ocrx_word' id='word_1_143' title='bbox 594 4558 658 4625; x_wconf 91' lang='lat' dir='ltr'><strong>aut</strong></span> <span class='ocrx_word' id='word_1_144' title='bbox 686 4555 918 4643; x_wconf 75' lang='lat' dir='ltr'><strong>rulesccntis</strong></span> <span class='ocrx_word' id='word_1_145' title='bbox 947 4553 1075 4627; x_wconf 87' lang='lat' dir='ltr'><strong>odoris</strong></span> <span class='ocrx_word' id='word_1_146' title='bbox 1105 4553 1252 4644; x_wconf 88' lang='lat' dir='ltr'><strong>ingrati,</strong></span> <span class='ocrx_word' id='word_1_147' title='bbox 1284 4575 1392 4626; x_wconf 87' lang='lat' dir='ltr'><strong>casco</strong></span> <span class='ocrx_word' id='word_1_148' title='bbox 1423 4552 1568 4642; x_wconf 77' lang='lat' dir='ltr'><strong>similiS,</strong></span> 
     </span>
     <span class='ocr_line' id='line_1_29' title="bbox 366 4679 578 4771; baseline 0.005 -20"><span class='ocrx_word' id='word_1_149' title='bbox 366 4679 578 4771; x_wconf 86' lang='lat' dir='ltr'><strong>rejicienda.</strong></span> 
     </span>
    </p>
   </div>
   <div class='ocr_carea' id='block_1_8' title="bbox 0 0 1792 5454">
    <p class='ocr_par' dir='ltr' id='par_1_10' title="bbox 0 0 1792 5454">
     <span class='ocr_line' id='line_1_30' title="bbox 0 0 1792 5454; baseline 0 5"><span class='ocrx_word' id='word_1_150' title='bbox 0 0 1792 5454; x_wconf 95' lang='lat' dir='ltr'><strong> </strong></span> 
     </span>
    </p>
   </div>
  </div>
 </body>
</html>
