3574 5454
651 606 860 678 -105-

267 825 306 897 Si
325 825 617 916 decigrammata
654 824 728 896 duo
768 823 845 915 (00
877 822 994 913 Grm.)
1014 821 1115 894 Ferri
1139 822 1283 896 reducti
1319 823 1357 895 in

161 953 404 1042 cucurbitula,
427 973 522 1044 quae
544 951 652 1024 acido
673 950 871 1024 carbonico
882 951 1026 1042 repleta
1040 955 1107 1036 est,
1119 950 1225 1024 acido
1245 951 1322 1023 sull
1347 993 1359 1003 -

161 1081 238 1153 rico
259 1081 378 1154 diluto
405 1078 656 1152 calefaciendo
682 1080 889 1167 solvuntur,
919 1078 1360 1151 minimumcentimetra

160 1208 290 1280 cubica
310 1207 647 1300 trigintaquinque
667 1212 703 1279 et
730 1213 805 1279 tres
825 1206 989 1279 decimas
1007 1210 1133 1298 partes
1155 1206 1261 1297 (aa-3
1274 1205 1357 1297 CC.)

162 1335 361 1408 solutionis
372 1333 797 1427 kaliihypermanganici
806 1332 1069 1407 volumetricae
1078 1338 1358 1421 consumantur,

163 1463 282 1536 donec
302 1463 425 1554 liquor
444 1464 608 1534 colorem
626 1463 780 1535 rubrum
799 1461 1063 1553 persistentem
1081 1460 1245 1552 recipiat.

276 1589 318 1662 In
344 1594 528 1682 apparatu
553 1588 708 1661 Marshii
734 1588 990 1662 examinatum
1017 1587 1177 1679 vestigia
1203 1587 1363 1660 arsenici

160 1740 207 1791 nc
225 1719 371 1812 prodat.

162 2150 384 2258 llcrrum
411 2146 1358 2290 sesquichloratuurcrystallisatum.

161 2409 261 2502 Rpe:
302 2405 398 2484 Ferri
420 2407 456 2483 ΙΙ
476 2407 551 2484 illis
816 2416 1019 2506 praurmala
1039 2416 1167 2480 centum
1286 2412 1359 2482 100

271 2554 431 2627 Immitto
459 2554 497 2627 in
527 2554 758 2626 cucurbitam
797 2555 953 2626 vitream
992 2555 1084 2627 satis
1124 2576 1300 2647 capacem
1326 2561 1362 2627 et

163 2684 315 2756 affunde

298 2808 399 2887 Acidl
419 2805 689 2910 hydroehlorici
710 2809 937 2886 concontrnti

813 2945 1014 3035 praeamata
1034 2938 1223 3036 quinpenlo
1281 2943 1359 3013 500

299 3081 420 3180 Aquae
440 3079 650 3159 destillalac
813 3089 1014 3180 praeamata
1033 3084 1134 3156 mille.
1255 3087 1359 3160 1000

271 3229 473 3303 Reactioue
489 3229 739 3303 calefaciendo
754 3235 916 3323 peracta,
932 3230 971 3302 in
989 3229 1173 3324 liquorem
1184 3230 1361 3304 filtratum

163 3357 364 3429 inducatur
398 3356 569 3430 chlorum
588 3358 743 3446 tamdiu,
779 3357 898 3431 donec
926 3380 1017 3450 pars
1051 3365 1226 3452 exempta
1259 3381 1359 3452 aqua

164 3485 281 3557 diluta
300 3490 337 3557 et
356 3483 470 3576 guttis
489 3485 682 3557 nonnullis
703 3484 800 3558 acidi
819 3485 1095 3577 hydroehlorici
1110 3486 1247 3559 additis
1264 3487 1357 3559 cale-

164 3613 272 3702 facta,
302 3616 407 3704 gutta
433 3612 630 3686 solutionis
659 3613 999 3706 latii-ferricyanati
1025 3613 1172 3704 adjecta
1197 3614 1360 3686 colorem

163 3741 379 3813 caeruleum
399 3760 476 3813 uon
496 3741 659 3834 amplius
678 3741 842 3836 recipiat.

273 3869 372 3940 Tum
390 3867 513 3961 liquor
532 3868 570 3940 in
588 3868 724 3942 balneo
745 3891 866 3962 aquae
885 3869 923 3940 in
943 3891 1035 3943 vase
1055 3868 1293 3963 porcellaneo
1313 3866 1360 3940 ad

165 3996 448 4070 consistentiam
469 3997 597 4089 syrupi
614 4001 846 4090 evaporatur,
858 3996 944 4068 dein
959 3997 997 4068 in
1018 3996 1100 4070 loco
1119 3995 1251 4086 frigido
1271 4015 1361 4067 vase

164 4128 260 4196 tecto
280 4124 328 4195 ad
349 4123 678 4214 crystallisandum
699 4127 915 4217 seponatur.
932 4122 1100 4196 Massam
1111 4124 1149 4194 in
1164 4121 1360 4212 crystallos

165 4256 390 4338 concretam,
407 4250 445 4322 in
460 4251 582 4324 frusta
594 4252 750 4324 divisam
762 4273 851 4325 vase
869 4251 1007 4325 siccato
1026 4256 1063 4324 et
1077 4251 1217 4342 optime
1233 4251 1361 4323 clauso

164 4401 284 4452 serva.

272 4507 401 4579 Massa
422 4506 647 4597 crystallina,
667 4507 778 4594 flava,
815 4512 900 4578 adre
933 4503 1157 4595 liquescens
1191 4505 1229 4576 in
1249 4525 1358 4596 aqua,

164 4634 298 4726 spiritu
317 4632 391 4704 vini
413 4638 449 4705 et
469 4634 620 4706 aethere
639 4633 750 4725 plane
771 4631 951 4721 solubilis
971 4631 1033 4703 vix
1053 4631 1202 4704 acidum
1221 4631 1357 4722 hydro·

165 4759 370 4833 chloricum
408 4759 585 4832 redoleat.
629 4743 771 4833 Solutio
811 4780 959 4852 aquosa
988 4758 1360 4850 lalio-ferrocyanato
