3502 5454
646 587 858 662 „37-

470 805 717 912 lirorobo
745 802 1032 944 depurata.

581 975 936 1081 Chrysarobioum.

263 1136 406 1209 Audiro
426 1135 588 1209 Arcroba
607 1136 731 1228 Agui
743 1158 808 1224 ar,
830 1137 940 1208 arbor
960 1134 998 1206 in
1018 1133 1120 1206 silvis
1140 1132 1352 1226 provinciae

152 1265 388 1338 Brasiliensis
408 1263 527 1336 Bohia
551 1264 741 1355 frequens.
781 1261 1046 1359 Loqumloosoc.
1072 1260 1352 1356 Papiliortoceoc.

262 1390 389 1464 Pulvis
424 1391 672 1483 crystallinus
707 1391 819 1479 levio,
855 1389 988 1462 coloris
1021 1388 1138 1478 aurei,
1173 1387 1298 1460 odoris
1318 1390 1355 1459 et

151 1518 298 1612 saporis
319 1539 463 1611 expers,
483 1539 528 1589 ex
548 1517 719 1590 Araroba
738 1518 865 1605 cruda,
885 1515 1097 1588 substantia
1116 1515 1247 1588 friabili
1263 1515 1351 1587 sub·

150 1650 304 1733 terrosa,
334 1645 468 1717 coloris
493 1645 820 1717 fluvido-subfusci
839 1645 898 1716 vel
918 1642 1100 1730 ochracei,
1126 1642 1163 1713 io
1185 1641 1353 1714 cavernis

150 1772 326 1864 lysigenis
342 1772 429 1864 ligni
450 1771 596 1844 arboris
616 1776 773 1864 reperta,
794 1771 1013 1863 depurando
1033 1770 1190 1842 benzolo
1211 1768 1353 1841 fervido

149 1905 315 1991 paratus.

259 2027 353 2100 Cum
373 2048 473 2118 aqua
493 2026 690 2099 ebulliente
713 2029 990 2116 conquassatus
1011 2024 1165 2116 praebet
1179 2021 1353 2095 filtrando

148 2154 332 2247 liquorem
361 2155 586 2244 subflavum,
618 2154 681 2247 qui
710 2175 833 2244 oeque
864 2153 1035 2225 chartam
1065 2152 1353 2245 exploratoriom

149 2287 280 2370 mutat,
319 2303 442 2374 oeque
490 2281 676 2354 solutione
702 2281 789 2353 ferri
822 2279 1109 2371 sesquichlorati
1144 2278 1352 2366 coloratum

150 2433 237 2483 curn
262 2410 451 2483 ammonia
476 2410 638 2483 colorem
660 2409 875 2482 coccineum
894 2406 1018 2495 trehit,
1039 2427 1126 2479 cum
1147 2406 1253 2478 acido
1275 2407 1351 2478 sul-

148 2538 265 2610 furico
296 2541 538 2610 concentroto
565 2537 681 2609 oritur
701 2535 838 2609 solutio
859 2534 1105 2621 rubro-fusca,
1136 2555 1222 2606 cum
1256 2533 1354 2606 kalio

150 2665 437 2757 hydrooxydato
453 2665 590 2738 solutio
612 2664 758 2736 intense
781 2663 961 2750 cerasina,
983 2683 1080 2754 quae
1102 2683 1204 2754 aquo
1224 2661 1350 2750 diluta,

152 2794 276 2865 colore
296 2791 404 2864 viridi
420 2793 621 2865 ssuorescit.
642 2791 684 2863 lo
704 2791 835 2884 spiritu
855 2790 930 2862 viui
950 2794 1191 2862 concentrato
1212 2788 1353 2860 fervido

152 2919 317 2993 maxima
341 2941 386 2992 ex
414 2925 520 3011 parte
541 2919 697 2991 solvitur
716 2918 839 2990 colore
868 2939 995 2992 aureo.
1026 2916 1068 2988 Iu
1097 2916 1227 3009 patino
1255 2915 1350 2988 cole-

151 3049 273 3121 factus
311 3047 491 3139 liquescit,
529 3067 689 3138 vapores
726 3047 846 3118 ssavos
893 3045 1033 3131 emittit,
1073 3049 1154 3116 tum
1197 3045 1353 3135 paulum

151 3175 394 3263 corbonescit,
414 3180 607 3267 postremo
627 3172 818 3264 deflagrat.

304 3393 763 3526 Araocelum
800 3386 1207 3500 bettricum

407 3551 1099 3688 crystallinorum.

261 3738 431 3831 Crystalli
453 3737 755 3824 tabulaeformes,
775 3736 995 3828 pellucidae,
1017 3735 1226 3823 decolores
1252 3735 1351 3806 facil·

149 3867 235 3940 lime
256 3867 294 3939 in
314 3887 423 3956 aqua,
444 3863 627 3937 difficilius
648 3864 687 3937 in
708 3863 840 3957 spiritu
860 3864 938 3936 vini
957 3863 1148 3936 solubiles.

258 3993 403 4065 Solutio
424 4013 580 4084 aquosa,
591 3991 789 4065 reactionis
804 3992 984 4079 neutrius
1001 3990 1107 4062 acido
1126 3990 1349 4082 hydrochlo.·

148 4121 226 4193 rico
259 4120 384 4208 mixta,
411 4119 543 4192 emittit
571 4118 825 4192 sedimentum
854 4118 1051 4209 copiosum
1080 4119 1217 4206 album,
1248 4118 1350 4209 quod

150 4248 339 4319 ammonio
350 4247 563 4318 abundante
574 4247 692 4334 facile,
704 4245 785 4318 sine
796 4246 871 4318 ullo
884 4246 1007 4318 colore
1019 4245 1168 4337 limpide
1180 4246 1347 4318 solvitur.

258 4373 399 4447 Solulio
431 4394 576 4465 aquosa
606 4375 641 4464 (1
663 4395 670 4444 ε
692 4374 766 4464 10),
807 4393 892 4444 curn
919 4373 1130 4464 quadruplo
1159 4373 1348 4446 volumine

149 4501 244 4573 acidi
264 4501 430 4574 sulfurici
451 4501 555 4572 diluti
574 4499 691 4572 mixta
711 4503 746 4571 et
767 4499 812 4570 ad
829 4499 1083 4572 ebullitionem
1098 4500 1285 4588 calefacto,
1301 4520 1349 4570 ne

147 4629 327 4718 turbetur,
366 4650 487 4720 neque
519 4628 636 4720 baryo
664 4626 797 4698 uitrico
831 4626 917 4719 plus
953 4648 1066 4718 quom
1098 4625 1219 4697 levem
1248 4624 1348 4718 opali

147 4758 307 4830 nitorem
350 4755 544 4843 ostendot;
576 4754 682 4827 acido
717 4753 1001 4845 hydrochlorico
1039 4752 1282 4845 praecipitata
1313 4757 1350 4824 et
