3576 5454
879 539 1116 612 -238-

393 753 544 825 saeculo
573 752 685 826 linteo
710 753 896 828 inclusum
925 777 995 849 ope
1019 757 1111 849 preli
1132 756 1306 848 exprime.
1348 755 1508 828 Suceum
1527 778 1588 828 ex·

392 903 566 972 pressum
591 885 627 953 et
654 881 816 954 rolatum
842 904 962 974 eoque
988 884 1036 956 ad
1064 883 1217 957 extracti
1243 883 1356 976 spissi
1384 883 1586 955 consisten-

392 1009 489 1098 tiam,
510 1014 589 1081 tum
611 1009 706 1080 adde

528 1132 632 1211 Suooi
652 1133 836 1235 inspissuti
855 1137 995 1208 novenis
1009 1136 1177 1232 partitos
1288 1127 1290 1130 ’

529 1260 699 1338 Stulni
719 1259 901 1363 pullenti
915 1271 1056 1358 purtem
1076 1287 1185 1336 onom

393 1395 429 1462 et
466 1389 540 1461 leni
567 1389 651 1480 igne
680 1393 751 1463 suh
782 1391 957 1464 continua
987 1394 1185 1483 agitatione
1220 1413 1383 1484 evapora
1421 1393 1468 1464 ad
1497 1393 1585 1464 roob

392 1516 684 1590 consistentiam.

379 1724 382 1732 ¹
500 1643 741 1715 Eleoluurium
760 1645 951 1718 leontinum.

582 2095 810 2204 Rutulae
829 2093 1082 2242 Maniliae
1110 2096 1397 2239 piperitae.

391 2355 496 2448 Rpe:
526 2353 738 2434 ltotrlamn
760 2349 930 2433 Suoolari
949 2363 1152 2454 prummutu
1171 2357 1416 2454 septuapiota*
1539 2361 1585 2430 70

391 2484 567 2557 humecta
587 2506 672 2557 eum
692 2483 861 2556 miscella
881 2505 926 2557 ex

527 2607 603 2686 illei
623 2607 785 2687 lentio
805 2609 987 2711 pipurilau

528 2735 692 2814 lotheris
1157 2735 1204 2809 ᾱῖι
1222 2745 1417 2834 gir-oromate
1435 2762 1504 2808 torro
1565 2739 1576 2808 l

389 2866 426 2937 iu
447 2888 535 2938 vase
555 2866 689 2938 idoneo
709 2867 897 2956 agitando

498 2992 539 3065 ln
559 3014 649 3065 vase
669 2993 785 3065 vitreo
806 2994 899 3064 bene
921 2993 1050 3065 clauso
1070 3015 1191 3066 serva.

825 3423 1167 3533 Saoolrarum.

497 3688 632 3758 Frusta
646 3686 861 3778 crystallina
875 3690 1077 3776 compacta,
1098 3685 1205 3775 sicea,
1227 3684 1427 3774 albissima,
1448 3686 1486 3758 in
1501 3694 1582 3759 aere

388 3813 644 3886 immutabilia.

498 3939 725 4012 Succharum
754 3961 840 4012 oum
868 3939 1034 4030 pondere
1064 3938 1215 4011 dimidio
1236 3959 1356 4031 aquae
1378 3939 1581 4012 ‹lestillatae

249 4125 251 4128 .
388 4067 468 4140 sine
507 4067 583 4140 ullo
621 4067 772 4140 residuo
803 4067 978 4155 solutum,
1014 4087 1193 4159 syrupum
1223 4066 1358 4140 efficiat
1387 4067 1521 4138 coloris
1549 4071 1580 4139 et

387 4195 514 4267 odoris
535 4201 732 4286 expertem,
762 4196 823 4287 qui
853 4195 955 4268 omni
983 4193 1221 4286 proportione
1247 4215 1332 4265 oum
1363 4193 1494 4285 spiritu
1512 4193 1580 4266 vini

387 4323 536 4412 mixtus,
552 4322 734 4413 liquorem
749 4323 941 4414 limpidum
953 4323 1143 4412 praebeat.
1163 4320 1306 4394 Salutio
1318 4322 1494 4394 Sacchari
1504 4323 1578 4394 sive

388 4471 532 4543 aquosa
560 4451 640 4523 sive
670 4451 871 4542 spirituosa
891 4452 1060 4523 chartam
1080 4449 1365 4541 exploratoriam
1390 4472 1437 4522 ne
1457 4456 1579 4540 mutet,

388 4599 541 4670 aquosa,
554 4577 739 4650 solutione
751 4578 926 4650 annnonii
938 4576 1069 4650 oxaliei
1085 4598 1131 4648 ne
1145 4575 1254 4666 illico,
1266 4576 1368 4668 haryi
1387 4576 1513 4667 uitrici,
1524 4599 1576 4649 ar·

387 4705 485 4796 genti
505 4704 625 4777 nitriei
645 4709 710 4776 aut
727 4704 835 4776 natrii
856 4704 1023 4776 sulluriei
1041 4703 1102 4776 vix
1121 4705 1298 4778 turbetur.
