3598 5466
806 1513 864 1630 ll.
904 1511 1184 1630 Utensilia.

398 1773 535 1846 Tubuli
556 1773 759 1867 probatorii
778 1773 975 1846 minimum
994 1772 1124 1864 viginti
1145 1779 1319 1864 quatuor.

398 1899 620 1974 Cucurbitae
643 1901 783 1975 vitreae
804 1901 967 1973 minores
989 1905 1139 1973 eentum
1159 1920 1282 1991 usque
1299 1900 1461 1973 ducenta
1481 1901 1591 1972 centi-

506 2032 629 2102 metra
648 2028 783 2102 cubica
802 2027 1005 2121 capientes.

400 2155 579 2230 Retortae
600 2157 738 2230 vitreae
759 2156 934 2229 minores,

400 2283 504 2356 Ollae
520 2285 658 2356 vitreae
675 2284 887 2376 complures
909 2283 1079 2355 diversae
1099 2281 1379 2374 magnitudinis,
1439 2328 1443 2338 ·

399 2409 503 2484 Vitra
524 2433 690 2485 concava
711 2417 747 2483 et
765 2412 915 2504 patinae
935 2410 1075 2484 vitreae
1095 2410 1310 2484 nonnullae.

285 2585 287 2587 -
397 2538 639 2613 Infundibula
658 2539 775 2612 vitrea
794 2540 842 2611 ad
861 2538 1101 2612 filtrationem
1121 2543 1220 2631 apta.

398 2667 496 2739 Tubi
516 2667 619 2740 vitrei
639 2665 1014 2739 infundibulilermes

400 2793 497 2867 Tubi
516 2793 622 2866 vitrei
642 2794 689 2866 ad
705 2793 924 2884 juncturam
942 2796 1192 2884 apparatuum
1212 2789 1468 2862 inservientes,

396 2922 525 2995 Baeilli
544 2922 650 2996 vitrei
671 2921 895 3014 complures.

396 3049 551 3124 Patinae
570 3050 829 3143 porcellaneae
850 3050 1023 3123 minores.

398 3176 597 3250 Crucibula
614 3177 849 3271 porcellanea
869 3198 955 3249 eum
975 3175 1163 3267 operculo,

397 3306 564 3378 Platinae
584 3305 733 3379 lamina.

399 3431 565 3505 Platinae
585 3433 700 3505 filum.

399 3560 574 3633 Catinum
593 3559 799 3652 platiueum
819 3580 906 3631 eum
926 3557 1102 3650 operculo
1123 3561 1315 3629 excavato.

397 3689 573 3781 Foreeps,

397 3815 643 3907 Triangulum
663 3815 710 3886 ad
729 3813 947 3906 ignitionem
967 3812 1252 3886 crucibulorum.

400 3945 566 4036 Lampas
586 3943 714 4014 vitrea.

397 4072 510 4146 Ustor
528 4069 707 4143 Bunsenii
727 4069 796 4158 vel,
818 4068 1011 4142 deficiente
1032 4088 1133 4158 gase,
1152 4068 1298 4158 lampas
1318 4062 1483 4135 Berzelii.

397 4198 579 4273 Utensilia
599 4198 647 4271 ad
667 4197 843 4289 analyses
863 4195 1128 4270 volumetricas
1147 4193 1397 4286 perficiendas
1418 4189 1592 4282 imprimis

505 4325 720 4400 necessaria
740 4331 777 4398 et
796 4325 971 4417 quidem:

563 4453 798 4542 Cucurbitae‚
826 4474 923 4545 quae
952 4472 1171 4524 mensuram
1201 4449 1313 4523 unlus
1343 4447 1460 4535 lltrae,
1491 4443 1595 4517 semi·

614 4583 721 4654 litrae
736 4583 795 4656 vel
811 4579 1032 4674 quadrantis
1046 4580 1151 4651 lltrae
1164 4582 1336 4650 accurate
1348 4573 1592 4648 determinare

618 4710 758 4782 sinunt.

1519 5023 1776 5434 A
