3576 5454
673 559 909 634 -a33-

189 781 237 853 ad
257 779 331 854 duo
352 778 567 853 centimetra
596 801 732 872 crassa,
773 785 880 854 extus
919 781 1031 870 lusca,
1070 777 1387 872 longitudinaliter

189 929 318 998 grosse
347 930 496 999 rugosa.
545 909 587 982 In
625 911 790 983 sectione
828 912 1045 981 transversa
1068 914 1224 1000 apparet
1243 908 1387 1000 lignum

188 1035 350 1108 centrale
389 1035 572 1124 citrinum,
597 1059 788 1130 porosum,
826 1057 949 1128 neque
986 1036 1180 1126 radiatum,
1229 1035 1383 1108 circum·

189 1163 315 1234 datum
337 1163 472 1236 cortice
488 1163 574 1252 lato,
595 1165 689 1255 albu,
709 1165 818 1236 lineis
837 1163 954 1237 fuscis
970 1163 1214 1236 concentricis
1234 1164 1386 1235 tenerri-

187 1290 259 1362 mis
280 1297 424 1364 ornato

297 1417 475 1493 Fodiatur
494 1420 598 1493 radix
617 1419 783 1511 inodora,
804 1420 949 1512 saporis
965 1418 1089 1508 amari,
1110 1440 1194 1492 sero
1206 1424 1386 1492 autumno

187 1549 224 1616 et
242 1545 337 1617 bene
357 1545 497 1619 siccata
515 1552 697 1620 servetur.

298 1671 515 1745 distractum.

514 2051 689 2161 Radix
718 2050 1058 2161 Valerianos.

541 2279 739 2359 Rhizoma
778 2279 1032 2361 Valerianae.

308 2457 498 2530 Valeriano
518 2457 848 2554 qsdiaotisLinn„
868 2459 998 2553 planta
1017 2460 1183 2534 rediviva
1201 2460 1386 2552 indigena,

190 2585 226 2657 in
247 2585 359 2676 silvis,
381 2586 606 2675 nemoribus
627 2586 674 2657 ad
695 2609 805 2678 sepes
824 2587 1012 2679 frequens.
1037 2587 1311 2662 Valerianaceoe.

298 2713 483 2786 Rhizoma
516 2715 695 2786 siccatum
725 2715 937 2805 obovatum,
976 2705 1089 2808 vulgo
1129 2716 1247 2789 caulis
1281 2715 1387 2788 folio-

186 2863 345 2934 rumque
374 2819 541 2935 vestigiis
572 2847 800 2932 coronatum,
829 2842 1017 2915 interdum
1041 2843 1309 2934 stolonilerum
1340 2841 1388 2914 ad

188 2975 348 3062 quatuor
359 2969 830 3060 centimetralongum,duo
842 2970 889 3042 ad
899 2970 968 3043 tria
980 2970 1199 3044 centimetra
1210 2991 1387 3058 crassum,

186 3098 287 3170 intus
308 3119 420 3191 saepe
436 3103 663 3187 excavatum,
685 3097 915 3170 extrinsecus
941 3098 1235 3172 subannulatum
1264 3102 1299 3170 et
1323 3119 1389 3169 un-

188 3225 299 3316 dique
315 3225 479 3298 obsitum
494 3225 684 3298 radicibus
696 3223 965 3314 copiosissimis
985 3225 1115 3316 longis
1128 3226 1175 3299 ad
1192 3226 1266 3297 duo
1282 3225 1387 3298 milli-

187 3359 305 3424 metra
325 3353 470 3442 crassis
494 3352 681 3441 teretibus,
692 3350 1009 3442 longitudinaliter
1023 3353 1173 3444 sinatis,
1184 3353 1387 3444 fragilibus

187 3481 323 3552 coloris
343 3480 450 3553 fusci.
480 3479 615 3552 Odoris
646 3484 704 3551 est
724 3478 908 3571 specialis,
932 3479 1143 3571 fragrantis
1164 3480 1265 3554 haud
1286 3481 1388 3573 grati,

187 3609 334 3701 saporis
355 3605 919 3696 subdulcescenti-amaricantis
940 3607 1141 3680 aromatici.

296 3737 338 3808 ln
352 3736 516 3809 sectione
532 3740 750 3806 transversa
764 3733 983 3806 rhizomatis
1000 3739 1166 3806 centrum
1183 3734 1389 3807 medullam

188 3865 468 3956 amplissimum,
497 3862 663 3954 margine
693 3860 924 3951 undulatam,
954 3860 1117 3934 cinctum
1156 3867 1213 3935 est
1250 3862 1387 3935 circulo

187 3996 349 4082 angusto
371 3991 507 4062 diffuso
536 3988 800 4062 fasciculorum
828 3988 917 4080 ligni
945 3988 1198 4081 inaequalium
1228 3994 1265 4062 et
1283 3989 1388 4062 hicce

187 4122 304 4190 strato
316 4117 477 4189 corticali
488 4115 827 4207 tenui‚plerumque
840 4117 1386 4208 fusco,subresinoso-nitcnte.

188 4245 310 4317 Sectio
329 4249 544 4317 transversa
562 4243 732 4315 radicum
747 4244 911 4317 ostendit
926 4244 1067 4335 lignum
1085 4244 1247 4317 centrale
1266 4250 1387 4334 tenue,

188 4372 457 4445 circumdatum
477 4370 611 4443 cortice
630 4369 718 4442 lato.

296 4501 472 4573 Fodiatur
487 4497 592 4570 radix
609 4518 696 4570 vere
706 4499 745 4571 in
759 4499 850 4571 locis
862 4500 1051 4572 montanis
1068 4500 1185 4572 siccis,
1198 4498 1389 4573 Servanda

186 4627 225 4699 in
244 4627 346 4699 vasis
365 4627 460 4698 bene
482 4625 633 4699 clausis.

299 4753 479 4826 Tinctum.
