3502 5454
623 589 674 598 —
703 545 804 618 XVII
836 593 884 602 -

159 759 456 848 medicaminis
494 765 738 850 enascentia
775 764 1092 873 imminuantur,
1139 768 1355 881 quantitas

161 925 345 1038 partium
368 927 716 1014 constituentium
739 925 915 1014 dimidio
938 926 1112 1015 reducta
1134 936 1206 1014 est.

267 1088 313 1174 N
315 1089 605 1177 omenclatura
644 1091 918 1176 articulorum
958 1090 1051 1204 jam
1089 1093 1133 1178 in
1172 1090 1355 1178 editione

159 1259 281 1337 sexta
313 1250 506 1339 adhibita
538 1255 582 1338 in
614 1254 697 1339 hae
732 1253 915 1340 editione
950 1283 1002 1341 ea
1039 1253 1355 1342 modificatione

159 1417 369 1523 retinetur,
404 1425 451 1502 ut
477 1414 765 1504 medicamina
794 1445 848 1502 ex
870 1445 1002 1532 regne
1026 1415 1259 1531 vegetabili
1282 1415 1356 1503 de-

159 1588 356 1694 prompta
377 1579 429 1664 iis
453 1577 867 1666 denominationibus
891 1580 1176 1697 disponantur,
1202 1579 1355 1696 quibus

160 1743 202 1826 in
225 1739 342 1827 libris
365 1743 802 1857 pharmacognosiam
824 1741 1100 1830 tractantibus
1125 1752 1166 1828 et
1194 1744 1239 1828 in
1260 1742 1355 1828 aliis

159 1905 515 2022 pharmacopoeis
561 1904 613 1992 de
661 1907 714 1991 iis
760 1904 995 2015 disseritur3
1050 1907 1151 1993 hinc
1193 1906 1356 1992 nemini

160 2068 340 2183 plantae,
367 2098 478 2185 quae
500 2067 770 2155 medicamen
792 2066 1045 2184 suppeditat,
1065 2068 1355 2155 denominatio

159 2235 289 2348 partis
306 2233 466 2318 usualis
489 2285 541 2296 —
564 2240 721 2334 cortex,
742 2231 855 2341 folia,
875 2231 1013 2342 fleres
1032 2232 1202 2343 fruetus,
1221 2231 1353 2341 radix,

161 2423 309 2480 semen
331 2404 409 2482 etc.
432 2398 713 2512 praeponitur.

269 2559 520 2671 Synenyma
541 2561 585 2644 in
608 2557 791 2646 editione
814 2566 935 2645 sexta
951 2559 1116 2645 nemini
1132 2558 1355 2674 principali

158 2719 356 2835 adjuncta
418 2751 531 2809 nunc
574 2722 728 2835 majori
749 2749 804 2809 ex
825 2731 942 2837 parte
985 2722 1112 2838 plane
1163 2720 1357 2809 obsoleta

159 2884 314 3001 quibus
336 2885 494 2972 medici
516 2889 560 2971 in
582 2886 775 2972 formulis
801 2882 1118 2972 conseribendis
1140 2885 1355 2971 rarissime

158 3051 327 3136 nonnisi
348 3059 531 3158 utuntur,
572 3047 713 3134 adhuc
745 3051 924 3135 retinere
962 3049 1118 3135 nullius
1149 3051 1352 3144 moment

157 3215 245 3300 imo
270 3216 407 3328 aptius
430 3212 572 3299 visum
606 3223 705 3321 erat,
741 3240 793 3297 ea
824 3214 869 3298 in
900 3211 1089 3298 indicem
1122 3214 1354 3329 specialem

157 3377 347 3489 relegare
377 3385 419 3462 et
450 3403 598 3462 eorum
631 3374 788 3484 lecum,
826 3374 942 3491 quod
976 3374 1031 3462 cb
1065 3387 1352 3462 commeatum

155 3541 262 3626 inter
279 3547 428 3651 gentes
446 3543 487 3624 in
500 3536 615 3625 diem
632 3545 936 3652 augescentem
955 3538 1128 3652 majoris
1146 3543 1351 3624 momenti

157 3713 227 3802 est,
258 3700 673 3790 denominationibus
703 3700 991 3788 usitatioribus
1024 3711 1066 3788 et
1085 3703 1130 3788 in
1151 3703 1353 3817 pharma-

155 3865 329 3981 copoeis
374 3865 583 3951 extraneis
636 3867 816 3981 receptis
868 3864 1031 3952 cedere.
1088 3868 1351 3981 Apparatum

155 4031 422 4144 reagentium
443 4041 534 4117 tum
559 4027 703 4144 quoad
719 4028 962 4141 junctiones
986 4030 1218 4140 chemieaS,
1243 4059 1353 4146 quae

156 4221 288 4309 scope
308 4193 522 4307 analytice
541 4192 635 4278 usui
653 4198 759 4300 sunt,
786 4222 919 4308 quum
937 4191 1081 4308 quoad
1098 4193 1296 4307 utensilia
1313 4206 1355 4282 et

155 4357 443 4465 iustrumenta,
479 4385 590 4471 quae
621 4354 675 4442 ad
704 4354 1009 4472 persolvendas
1034 4355 1351 4472 disquisitiones

156 4518 414 4629 adhibentur,
461 4547 724 4635 magnopere
770 4519 919 4632 augeri
958 4548 1065 4635 opus
1106 4529 1204 4629 erat,
1252 4520 1353 4635 quia

152 4683 320 4770 nonnisi
360 4684 429 4769 his
474 4681 741 4768 adminiculis
781 4681 1068 4769 medicamina
1112 4681 1345 4768 secuudum

1112 4838 1131 4894 u
