3576 5454
682 617 725 627 ,.
764 565 834 648 187
868 621 913 630 .-

308 792 452 864 Solutio
478 813 626 884 aquosa
655 793 767 882 guttis
797 793 939 885 aliquot
966 793 1051 864 ferri
1071 791 1236 863 sulfurici
1257 797 1293 863 et
1313 812 1396 863 ses·

199 919 421 1012 quichlorati
442 919 578 992 additis
600 925 637 992 et
655 921 776 992 natrio
796 920 1081 1011 hydrooxydato
1102 919 1261 992 alcalina
1286 920 1395 1006 facta,

198 1046 351 1119 demum
377 1047 481 1119 brevi
515 1046 696 1119 calefacta
727 1052 764 1119 et
789 1047 895 1119 acido
929 1047 1212 1138 hydrochlorico
1247 1047 1396 1119 abunde

199 1178 377 1262 saluata,
399 1176 562 1247 colorem
582 1175 794 1248 caeruleum
812 1195 860 1246 ne
881 1175 1003 1247 ducat.

441 1569 684 1679 Natrium
711 1569 1145 1714 plrosphoricum.

309 1813 413 1886 Sistit
436 1812 617 1906 prisnrata
639 1818 844 1904 tetragona,
870 1813 1067 1905 pellucida‚
1097 1814 1168 1886 cito
1189 1813 1398 1886 fatiscentia
1436 1883 1439 1890 .

200 1940 400 2013 reactionis
430 1941 620 2030 alcalinae,
647 1941 684 2012 in
713 1962 813 2034 aqua
838 1939 981 2031 frigida,
1017 1940 1161 2013 facilius
1187 1941 1225 2012 in
1258 1941 1398 2014 fervida

198 2067 390 2154 solubilia;
425 2069 616 2140 flammam
645 2068 768 2140 colore
788 2067 886 2140 ssavo
905 2068 1063 2160 tingunt.
1092 2068 1235 2142 Solutio
1255 2091 1400 2161 aquosa

200 2194 315 2286 baryo
336 2195 503 2267 chlorato
537 2195 681 2286 adJecto
716 2194 1002 2288 praecipitatum
1031 2195 1156 2268 albuin
1187 2195 1271 2284 edit,
1298 2197 1399 2289 quod

200 2321 327 2394 addito
359 2322 465 2394 acido
500 2321 784 2414 hydrochlorico
812 2344 858 2394 ex
886 2321 1028 2414 integro
1068 2323 1211 2415 absque
1249 2324 1398 2397 efferue-

201 2449 346 2522 scentia
383 2447 551 2522 solvilur.
592 2449 709 2522 Simili
751 2450 865 2522 modo
894 2471 935 2521 se
955 2449 1095 2523 habeat
1114 2449 1399 2542 praecipitatum

199 2576 339 2648 flavum
359 2581 513 2668 argento
532 2576 663 2650 nitrico
684 2577 855 2651 effectum
873 2583 1050 2669 reagente
1072 2577 1179 2650 acido
1199 2577 1343 2651 nitrico.

309 2703 451 2776 Solutio
481 2724 625 2796 aquosa
654 2705 760 2778 acido
788 2704 921 2778 nitrico
957 2703 1154 2793 acidulata,
1193 2726 1262 2777 nec
1300 2726 1400 2797 aqua

199 2829 505 2920 hydrosulfurata
525 2838 688 2905 mutetur
722 2836 758 2904 et
787 2831 978 2904 annnonia
1006 2835 1298 2923 supersaturata‚
1332 2853 1401 2904 nec

201 2958 390 3030 ammonio
432 2959 614 3032 sulfurato
653 2981 722 3032 nec
756 2959 946 3032 ammonio
980 2959 1125 3032 oxalico
1164 2957 1248 3050 plus
1287 2979 1401 3050 quarn

201 3083 359 3177 vestigia
378 3085 610 3178 praecipitati
630 3087 725 3160 edat.

309 3210 352 3283 In
382 3218 564 3303 apparatu
593 3212 746 3287 Marsnii
774 3219 957 3287 tentatum
985 3234 1032 3286 ne
1067 3212 1226 3304 vestigia
1259 3209 1401 3305 speculi

201 3338 360 3412 arsenici
380 3339 566 3411 exhibeat.

487 3730 730 3840 Natrium
757 3731 1108 3874 salicylicunr.

310 3972 436 4045 Pulvis
456 3975 704 4066 crystallinus,
737 3974 964 4062 albissimus
991 3973 1183 4061 inodoruS,
1204 3972 1353 4065 saporis
1382 3994 1401 4044 e

203 4101 298 4173 dulci
316 4100 416 4188 salsi,
436 4100 605 4174 facillime
625 4103 664 4175 in
680 4124 790 4196 aqua,
806 4102 912 4174 facile
928 4102 966 4173 in
981 4100 1112 4193 spiritu
1128 4100 1202 4172 vini
1218 4098 1399 4172 solubilis.

310 4227 352 4300 ln
372 4227 496 4301 catino
516 4229 755 4321 porcellaneo
774 4230 998 4303 fervefactus
1014 4248 1177 4320 vapores
1193 4226 1401 4319 phenolum

207 4356 416 4428 redolentes
451 4357 593 4444 emittit,
634 4357 748 4430 carbo
775 4356 948 4428 residuus
984 4353 1101 4428 acidis
1127 4353 1335 4426 effervescit
1367 4358 1403 4426 et

202 4487 394 4554 flammam
441 4483 540 4556 flavo
588 4484 712 4556 colore
758 4482 874 4573 tingit.
924 4480 1067 4554 Solutio
1111 4501 1258 4574 aquosa
1305 4480 1401 4552 ferro

203 4609 503 4701 sesquichlorato
515 4609 690 4698 colorcrn,
703 4610 733 4682 si
750 4615 809 4683 est
821 4613 1071 4694 concentrata,
1083 4627 1103 4680 e
1113 4608 1228 4680 rubro
1243 4607 1401 4695 fuscum,

202 4738 233 4808 si
255 4743 311 4810 est
328 4739 439 4810 valde
460 4737 587 4825 diluta,
609 4737 818 4810 violaceum
838 4735 970 4807 induit.
