3576 5454
898 529 1134 602 -240—

415 768 589 840 saporem
609 768 779 820 amarum
798 748 935 840 perdit;
964 748 1087 841 liquor
1107 747 1266 821 filtratus
1295 745 1392 819 kalio
1422 746 1608 820 chromico

414 875 540 947 addito
559 896 607 946 ne
628 875 806 948 turbetur.

524 1002 697 1074 Servetur
716 1004 753 1075 in
773 1004 866 1076 vitro
886 1003 959 1076 luci
978 1003 1168 1094 impertio

531 1127 718 1201 Trochiaci.

813 1378 954 1521 Sapo
988 1377 1221 1488 ltalinus.

523 1604 621 1694 Sapo
650 1604 806 1693 venalis,
836 1603 1005 1677 coctione
1033 1603 1119 1676 kalii
1147 1603 1421 1695 hydrooxydati
1442 1603 1552 1677 soluti
1572 1611 1608 1678 et

414 1729 485 1802 olei
513 1729 661 1822 pinguis
680 1737 845 1823 paratae,
876 1732 1027 1804 exhibet
1046 1752 1214 1804 massam
1241 1732 1394 1804 mollem
1416 1731 1606 1823 lubricam,

414 1857 549 1930 coloris
570 1858 719 1930 sordide
739 1858 843 1947 fusci,
864 1859 989 1932 odoris
1009 1859 1206 1951 peculiaris
1226 1859 1369 1951 ingrati.

521 1984 608 2058 Aeri
627 1987 820 2078 expositus
839 2007 917 2058 non
938 1987 1100 2060 durescit
1107 2009 1115 2075 ;
1145 1986 1184 2058 in
1209 2007 1309 2078 aqua
1328 1990 1365 2058 et
1384 1985 1514 2079 spiritu
1533 1987 1605 2060 vini
1751 2042 1752 2070 1

413 2111 518 2184 facile
538 2113 714 2203 solvatur,
740 2113 823 2186 oleo
842 2113 945 2186 nullo
966 2115 1173 2187 secedente.

522 2237 682 2335 Spiritus
702 2240 854 2336 Saponis
873 2241 997 2312 latini.
1025 2239 1244 2338 Unquentum
1262 2240 1491 2334 sulfuratum.

757 2562 896 2707 Sapo
923 2562 1273 2672 medicinalia.

412 2785 519 2880 Rpe:
548 2782 661 2863 rma
680 2784 945 2888 lryrlrouyrlati
964 2785 1077 2865 soluti
1097 2811 1134 2888 p.
1155 2811 1212 2888 sp.
1233 2785 1309 2862 lat

954 2921 1157 3013 yrummata
1177 2921 1310 2987 ceratum
1534 2918 1605 2988 100

412 3043 600 3116 calefactis
621 3044 761 3116 sensim
782 3043 945 3117 admisce
964 3044 1060 3116 inter
1080 3044 1296 3116 continuam
1315 3043 1553 3134 agitationem

547 3168 729 3273 lxnugiac
750 3168 853 3247 Porci
874 3169 1042 3267 recentis,
1063 3167 1137 3247 lml
1157 3169 1282 3247 calore
1302 3168 1463 3270 llqntro

952 3305 1154 3396 qrorrzomta
1173 3298 1331 3371 ducenta.
1531 3297 1605 3370 lOO

520 3427 695 3500 Mirtione
723 3432 875 3520 peracta
909 3427 946 3498 in
983 3427 1118 3499 balneo
1157 3447 1276 3518 aquae
1316 3431 1415 3498 stent
1452 3425 1604 3498 subinde

411 3554 595 3645 agitando,
617 3555 737 3628 donec
756 3555 920 3647 axungia
937 3555 1087 3647 penitus
1108 3553 1339 3645 disposuerit.

518 3682 645 3755 Massa
672 3683 949 3774 refrigeratione
978 3682 1151 3754 indurata
1176 3681 1214 3752 in
1242 3681 1391 3754 tabulas
1421 3681 1603 3752 scissam

409 3809 492 3882 loco
512 3816 717 3901 temperato
738 3812 908 3884 siccetur.

520 3937 575 4010 Sit
594 3937 712 4027 albae,
733 3942 857 4029 durae,
879 3938 1024 4030 saporis
1045 3936 1143 4009 mitis
1165 3935 1322 4024 alcalini,
1349 3957 1426 4008 non
1446 3936 1603 4024 caustici‚

409 4065 446 4138 ln
466 4087 566 4158 aqua
586 4070 623 4137 et
642 4065 772 4156 spiritu
791 4065 866 4137 vini
884 4065 996 4157 plane
1016 4063 1199 4137 solubilis.

519 4193 716 4287 Saponem,
745 4193 807 4287 qui
838 4192 1147 4266 efflorescentium
1167 4191 1417 4280 crystallinam
1447 4191 1602 4264 enatrio

410 4321 608 4393 carbonico
620 4326 853 4394 constantem
865 4320 1021 4409 exhibet,
1033 4318 1373 4409 nondumperlecte
1385 4317 1602 4410 depuratum

409 4453 446 4522 et
465 4449 643 4521 siccatum
664 4469 831 4520 censeas.
852 4447 978 4520 Pulvis
999 4444 1235 4538 crystallinus
1261 4445 1471 4518 adhaerens
1492 4445 1603 4518 ‹leter-

410 4576 531 4667 gendo
551 4580 796 4648 removeatur.

517 4700 657 4776 Pilulac
676 4702 799 4774 locant
815 4725 841 4773 s.
