3502 5454
922 531 1185 603 -.50.„⁴

869 849 1188 992 Complura.

543 1075 815 1149 cannamomum
859 1073 1056 1171 Complura
1093 1074 1219 1148 Nees
1259 1081 1294 1147 et
1330 1075 1631 1162 Ebermaicr,

432 1203 545 1274 arbor
563 1203 602 1275 in
621 1203 741 1277 Cllina
761 1209 797 1276 et
816 1203 975 1298 Japonia
994 1201 1180 1293 indigena.
1207 1200 1422 1274 Lauroceac.

542 1329 842 1424 Stcaroptenum,
873 1351 893 1402 e
922 1330 1077 1422 parthus
1099 1328 1242 1401 arboris
1268 1329 1441 1402 dissectis
1467 1331 1630 1404 destilla-

427 1457 528 1531 tione
568 1479 653 1530 cum
687 1480 786 1550 aqua
823 1459 1017 1531 obtentum
1051 1461 1088 1530 et
1120 1456 1383 1530 sublimatione
1416 1463 1630 1550 purgatum,

427 1589 573 1678 prostat
604 1584 642 1656 in
671 1585 851 1676 placentis
881 1584 1153 1657 orbicularibus
1184 1584 1563 1673 concavo-convexis,
1597 1585 1630 1658 in

427 1712 551 1785 medio
570 1712 778 1805 perforatis

539 1838 758 1911 Substantia
786 1839 1234 1930 granuloso-crystallina
1269 1840 1371 1926 alba,
1405 1838 1443 1911 in
1463 1841 1631 1914 frustulis

429 1966 555 2059 parvis
585 1965 983 2058 decolor,·diaphana,
1016 1969 1117 2038 tactu
1147 1971 1183 2039 et
1208 1966 1326 2038 nitore
1359 1966 1630 2058 pinguiusculo,

427 2092 566 2185 fragilis
594 2097 630 2166 et
649 2092 813 2181 friabilis,
833 2093 928 2166 inter
948 2094 1079 2166 dentes
1098 2093 1297 2182 subtenarr,
1318 2093 1464 2186 saporis
1484 2115 1628 2169 aroma·

430 2220 489 2292 tici
505 2220 754 2309 amaricantis
774 2221 1038 2314 primumcum
1058 2221 1204 2310 calonia,
1223 2225 1357 2313 postea
1375 2243 1463 2294 vero
1482 2221 1629 2313 frigoris

428 2369 555 2436 sensu,
566 2347 691 2420 odoris
711 2347 907 2440 peculiaris
926 2347 1166 2442 penetrantis
1176 2353 1428 2441 temperatura
1444 2350 1629 2423 ordinaria

427 2476 526 2549 lente
538 2476 698 2568 quidem,
709 2477 777 2548 sed
787 2475 868 2548 sine
883 2477 960 2549 ullo
975 2476 1126 2549 residuo
1142 2475 1350 2567 aufugiens
1365 2477 1627 2554 sublimatione

428 2605 610 2697 praebens
631 2605 829 2696 crystallos
847 2604 1105 2697 hexagonales
1124 2603 1298 2678 nitentes

536 2730 578 2803 In
598 2752 698 2824 aqua
718 2731 933 2825 Camphora
951 2732 1013 2804 vix
1033 2732 1215 2821 solubiliS,
1244 2733 1395 2825 largiter
1413 2733 1451 2806 in
1466 2735 1627 2822 aethere,

429 2858 691 2931 chloroformio
716 2865 753 2933 et
776 2859 908 2953 spiritu
927 2860 1014 2948 vini,
1036 2861 1171 2952 quibus
1191 2861 1397 2953 liquoribus
1417 2861 1628 2934 humectata

428 2987 467 3058 in
485 2986 677 3079 pulverem
696 2987 812 3078 redigi
831 2991 966 3080 potest.

544 3130 662 3203 Oleum
683 3131 954 3224 conploratam.
979 3131 1134 3228 Spiritus
1152 3134 1409 3228 coneplrorotus.
1438 3132 1627 3229 Collyrium

429 3258 650 3356 adstrinpeas
664 3259 800 3331 luteum.
821 3258 1065 3354 Eruplasirum
1081 3259 1198 3331 Minii.
1217 3259 1460 3355 Emplusirum
1481 3283 1626 3356 sapona-

431 3393 513 3459 ium.
534 3385 768 3460 linimentum
788 3386 1244 3484 sapouuio-mmpdoratum.

747 3715 1329 3828 &machariaco

541 3935 645 4032 Iastia
675 3935 876 4008 tresicotorio
906 3936 1157 4024 Fabricius,
1186 3936 1372 4007 insertum
1401 3934 1438 4006 in
1467 3934 1625 4006 maxima

432 4064 602 4156 Europae
623 4070 728 4156 parte
750 4063 911 4136 obvium.
937 4065 1148 4160 (loleoptcra.

542 4190 726 4263 Animalia
758 4192 913 4283 integra,
951 4193 1078 4285 sesqui
1112 4195 1187 4264 lere
1227 4191 1275 4262 ad
1314 4191 1384 4262 tria
1418 4188 1626 4261 centimetra

431 4320 555 4410 longa,
576 4319 758 4392 metallice
779 4341 826 4392 ex
846 4341 958 4392 aureo
979 4319 1085 4392 viridi
1105 4317 1351 4412 splendentia,
1372 4316 1547 4389 antennis
1567 4315 1625 4388 uli-

432 4447 610 4518 sormibus
621 4445 747 4538 nigris
763 4447 883 4538 capite
900 4453 1058 4536 exserto,
1080 4448 1276 4535 declinato,
1292 4447 1425 4519 obtuse
1440 4445 1624 4538 triquetro,

432 4573 671 4662 subcordato‚
696 4573 849 4645 thorace
876 4574 1008 4645 obtuse
1036 4574 1278 4666 quadrigona,
1308 4572 1464 4647 scutello
1488 4573 1624 4645 minuto

432 4701 845 4792 subrotundo-cordato‚
861 4701 986 4795 elytris
1001 4702 1185 4793 oblongis,
1202 4702 1381 4795 angustis
1396 4700 1502 4788 laxis
1518 4699 1624 4774 tenui-
