3574 5454
649 607 858 679 „97-

155 847 306 919 monera
324 847 410 898 cum
494 835 518 888 1ι

291 951 412 1078 Aque
432 949 639 1030 continnae
697 953 869 1050 yrammis
887 951 1086 1048 odinqeniis
1275 949 1353 1023 800

156 1102 224 1173 per
242 1081 395 1173 triginta
413 1102 481 1154 sex
501 1080 626 1169 horas,
646 1085 727 1154 ium
746 1102 866 1173 coque
887 1102 954 1174 per
973 1080 1117 1152 horam.

265 1207 508 1299 Refrigeratis
528 1206 695 1280 admisce

295 1330 452 1433 Spiritus
472 1330 549 1410 Vini
569 1332 792 1410 colecnmli
844 1341 1044 1430 qronzmaio
1063 1333 1218 1404 ducenta.
1277 1333 1355 1407 000

268 1463 375 1535 Sient
392 1483 461 1555 per
493 1461 621 1552 viginti
652 1468 813 1554 quatuor
845 1462 961 1534 horas
990 1463 1073 1534 loco
1108 1461 1243 1553 tepido,
1276 1466 1357 1533 tum

159 1588 252 1678 cole,
283 1589 446 1681 exprime
481 1594 518 1661 et
545 1589 652 1662 filice.
691 1589 893 1681 Liquorem
922 1589 1116 1662 obtentum
1149 1587 1188 1660 in
1221 1587 1357 1661 balneo

160 1737 281 1808 equae
303 1717 351 1789 ed
371 1717 520 1809 pondus

656 1833 892 1923 qrammatum
912 1833 1041 1898 centum
1064 1825 1234 1922 octoqiota
1283 1825 1358 1898 180

161 1959 407 2047 evaporatum
425 1959 461 2028 et
479 1953 738 2046 refrigeratum
757 1954 875 2027 misce
896 1975 982 2027 cum

231 2125 233 2130 ·
297 2077 453 2181 Spiritus
474 2078 548 2157 Vini
570 2079 794 2157 censentem
840 2080 1010 2177 oraminis
1029 2080 1163 2176 viginti,
1304 2080 1359 2152 00

161 2214 241 2281 tum
260 2230 327 2301 per
345 2208 544 2281 duodecim
563 2208 677 2281 hores
699 2208 908 2301 sepositum
928 2208 1038 2280 filtra.

427 2603 737 2712 moranum
767 2600 1086 2712 Raianhioo.

267 2826 425 2900 Paretur
443 2849 463 2900 e
482 2827 623 2899 Radice
643 2827 855 2899 Ratanhiae
885 2827 1057 2901 minutim
1088 2832 1247 2899 contusa
1275 2849 1360 2900 cum

160 2972 261 3044 aqua
290 2951 478 3026 destillata
495 2957 537 3024 ut
561 2952 776 3025 Extracium
798 2952 1016 3043 Gentianae,
1051 2954 1291 3046 evaporando
1312 2954 1358 3026 ad

162 3103 313 3156 slccum.

163 3403 474 3512 detractum
517 3405 753 3514 Rhamoi
792 3405 1083 3513 l’nrshioni
1118 3405 1358 3514 fluidum.

311 3617 557 3695 Extractum
581 3614 782 3696 Cascarae
805 3617 1006 3722 sagradae
1028 3616 1208 3694 fluidum.

269 3809 426 3883 Paretur
479 3831 499 3882 e
538 3809 692 3883 Corticis
728 3810 894 3884 Rhamni
933 3811 1138 3885 Purshiani
1175 3811 1360 3904 pulvereni

162 3939 341 4028 grammis
363 3944 513 4012 centum
533 3960 619 4011 cum
638 3939 821 4031 Magnesii
851 3940 1002 4032 oxydoii
1023 3939 1205 4032 grammis
1232 3940 1361 4013 decem

162 4065 290 4139 intime
306 4068 431 4141 mixtis
451 4072 494 4140 ui
512 4067 731 4140 Extractum
750 4067 999 4160 Hydrastidis

514 4443 828 4572 Extinctum
856 4442 1007 4550 Rhei.

271 4647 427 4721 Paretur
446 4669 465 4719 e
484 4647 625 4722 Radice
645 4649 744 4722 Rhei
763 4654 923 4722 contusa
940 4669 1026 4721 cum
1049 4669 1148 4741 aque
1174 4649 1362 4723 destillaia

162 4779 205 4847 111
224 4776 440 4851 Extractum
460 4777 647 4851 Centaurii
667 4779 832 4851 minoiis.
853 4779 1086 4872 Evaporetur
1107 4778 1153 4850 ad
1174 4778 1325 4852 siccum.

221 4895 417 4954 Phasmatopoea.
1129 4921 1144 4973 7
