3502 5454
628 561 839 636 -59..

134 785 360 856 consumant
385 785 422 854 et
443 779 566 872 liquor
596 781 644 852 ad
674 778 930 852 ebullitionem
956 779 1156 854 calefactus
1189 786 1226 855 et
1253 786 1334 854 tum

133 908 291 982 liltratus
329 928 398 980 nec
437 912 590 998 argento
624 906 754 980 uitrico
794 928 864 979 nec
902 906 1009 979 acido
1048 907 1333 1000 hydrochlon'co

134 1034 327 1129 aliquanto
346 1033 432 1127 plus
452 1033 631 1109 turbetur.

242 1161 444 1235 Chininum
472 1161 809 1253 hydrochloricnm,
846 1182 932 1234 cum
964 1161 1070 1233 acido
1096 1161 1228 1236 uitrico
1254 1163 1332 1236 sive

134 1310 220 1361 cum
238 1290 335 1363 ferro
355 1288 652 1382 sesquichloralo
672 1289 939 1377 humectatum,
959 1289 1123 1361 colorem
1143 1311 1189 1362 ne
1203 1295 1333 1390 mutet,

133 1438 248 1509 supra
267 1417 407 1491 lamina
425 1415 590 1509 platiuea
608 1417 848 1490 fervefactum
866 1417 1026 1509 perfecte
1047 1416 1253 1491 comburat.

243 1545 386 1618 Solutio
420 1567 566 1637 aquosa
593 1543 700 1616 acido
734 1544 1019 1634 hydrochlorico
1047 1543 1234 1616 acidulata
1265 1565 1333 1617 nec

134 1671 250 1763 baryo
270 1673 400 1746 uitrico
421 1673 598 1760 turbetur,
618 1691 687 1744 nec
707 1671 814 1744 acido
835 1671 1011 1745 sullun'co
1024 1672 1139 1744 diluto
1160 1675 1279 1745 mutet
1325 1728 1333 1743 .

413 1954 695 2065 Chininum
719 1956 1052 2072 sulfuricum.

269 2239 271 2244 ,
391 2147 606 2230 Chininum
630 2149 866 2228 sulfuricum
889 2149 1084 2228 basicum.

243 2307 414 2400 Crystalli
448 2308 664 2398 aciculareS,
703 2308 957 2397 tenuissimae,
995 2309 1138 2396 molles,
1177 2307 1333 2380 sericeo-

133 2435 304 2525 nitenteS,
337 2435 482 2528 saporis
516 2437 625 2508 valde
655 2435 781 2519 amari,
815 2436 852 2509 in
885 2442 970 2509 abre
990 2435 1089 2508 sicco
1108 2434 1334 2527 fatiscentes

132 2571 218 2636 acre
237 2562 393 2636 humido
407 2562 605 2635 humorem
625 2563 865 2636 attrahentes
885 2563 928 2636 In
944 2562 1077 2656 spiritu
1100 2561 1178 2635 vini
1193 2561 1335 2635 fervido

132 2691 237 2764 haud
262 2689 468 2779 difficulter,
493 2691 531 2763 in
558 2711 658 2783 aqua
682 2691 826 2763 fervida
844 2689 971 2763 minus
991 2689 1108 2778 facile,
1139 2689 1178 2761 in
1202 2688 1336 2780 frigida

134 2817 353 2890 difficillime
373 2817 580 2891 solvuntur.

242 2942 385 3016 Solutio
418 2965 574 3035 aquosa,
600 2944 741 3018 nullius
766 2949 832 3018 aut
858 2963 936 3015 non
965 2943 1094 3016 acidae
1123 2942 1341 3036 reactionis,

133 3076 240 3162 gutta
286 3093 363 3144 una
410 3071 507 3144 acidi
554 3072 722 3145 sullurici
770 3072 948 3160 admixta,
993 3072 1117 3144 colore
1164 3072 1335 3144 caeruleo

133 3199 334 3272 lluorescit

243 3325 388 3414 Quodsi
409 3325 587 3399 solutioni
616 3349 795 3420 aquosae,
816 3325 952 3419 frigore
973 3330 1177 3415 saturatae,
1206 3323 1336 3418 paulu-

132 3454 213 3525 lum
232 3475 353 3547 aquae
375 3453 494 3527 chlori
524 3475 567 3526 ac
597 3454 684 3527 dein
704 3451 935 3529 ammoniam
955 3451 1205 3540 instillaveris
1236 3453 1338 3524 color

131 3580 261 3653 viridis
290 3580 490 3654 enascitur.
522 3580 666 3654 Solutio
695 3604 840 3675 aquosa
869 3582 984 3672 baryo
1014 3579 1146 3652 uitrico
1171 3579 1337 3652 admixto

133 3707 387 3780 sedimentum
417 3706 556 3795 album,
585 3708 625 3780 in
650 3708 768 3781 acidis
788 3708 989 3781 insolubile
1010 3706 1153 3795 emittit,
1183 3711 1338 3798 argento

132 3833 266 3907 uitrico
286 3856 334 3908 ne
354 3841 473 3908 mutet
521 3891 529 3906 .

244 3961 443 4036 Chininum
480 3962 700 4037 sulfuricum
734 3963 842 4037 acido
872 3963 1051 4037 sulfurico
1090 3963 1169 4036 sive
1204 3961 1337 4035 nitrico

132 4096 374 4164 concontralo
395 4090 650 4164 humectatum
671 4113 718 4166 ne
739 4093 935 4165 coloretur.

243 4217 420 4291 Gramma
448 4240 567 4291 unum
595 4219 686 4291 salis
716 4218 755 4290 in
784 4219 1011 4292 centimetris
1032 4217 1173 4291 cubicis
1193 4221 1337 4309 septem

133 4345 326 4434 mixturae,
365 4367 410 4416 ex
449 4347 640 4418 volumine
677 4369 753 4419 uno
792 4347 947 4440 spiritus
985 4347 1060 4420 vini
1099 4345 1263 4419 absoluti
1302 4351 1338 4416 et

102 4513 103 4516 π
132 4473 389 4546 voluminibus
410 4473 560 4547 duabus
577 4474 827 4547 chlorolormii
846 4475 1086 4567 compositae,
1107 4473 1179 4546 sub
1199 4478 1338 4564 tempe·

132 4606 260 4674 ratura
292 4602 478 4674 lio-500
518 4601 694 4690 solutum,
733 4603 917 4694 liquorem
954 4602 1141 4694 praebeat,
1181 4599 1244 4692 qui
1280 4599 1339 4671 vel

136 4728 376 4819 rel'rigeratus
395 4729 508 4821 plane
529 4729 707 4822 limpidus
727 4736 932 4822 permanet.
