3574 5454
895 533 1104 606 „73-

510 747 680 821 Occurrit
703 749 742 820 in
766 749 906 822 massis
927 749 1140 842 compactis
1173 749 1361 836 mollibus
1391 747 1603 841 glutinosis,

401 873 657 967 impollucidis
687 875 1144 968 crystallino-granulosiS,
1176 875 1308 949 albidis
1327 877 1386 949 vel
1406 875 1603 948 subviridi-

403 1002 553 1091 citn'niS,
574 1003 700 1076 odoris
720 1003 924 1096 fragrantis
940 1003 1193 1092 foeniculacei,
1220 1003 1366 1096 saporis
1393 1002 1603 1090 balsamici,

401 1131 652 1204 amariusculi.

511 1257 565 1330 Sit
583 1257 623 1330 in
641 1257 903 1331 chloroiormio
919 1261 1176 1350 temperatura
1195 1257 1394 1346 ordinaria,
1414 1257 1452 1329 in
1466 1257 1604 1350 spiritu

401 1383 489 1473 vini,
509 1385 671 1474 aethere,
692 1385 851 1460 benzolo
871 1407 942 1478 ope
963 1385 1096 1459 caloris
1116 1385 1228 1478 plane
1248 1383 1429 1458 solubilis,

625 1924 985 2068 llmplustcum
1008 1926 1379 2041 adbaesivum.
1474 2029 1476 2034 ,

543 2172 819 2274 Emplastrum
842 2173 1073 2276 Diaohylon
1094 2172 1217 2252 linteo
1241 2176 1472 2250 extensum.

404 2384 506 2476 llpe:
546 2381 844 2482 lxnglulout

539 2528 617 2607 unt
638 2528 760 2607 llllvac

537 2671 675 2751 Plunbl
696 2673 839 2775 oxytlctl
860 2674 1099 2754 subtilissinc
1119 2674 1300 2777 pulcanti

725 2801 771 2874 au
799 2811 998 2901 proclamata
1017 2802 1163 2876 ducenta
1182 2811 1212 2876 ai
1230 2805 1493 2900 quinquaqinta.
1525 2805 1608 2878 ibt)

511 2930 640 3023 Coqua
680 2931 751 3003 sub
800 2931 980 3004 continua
1017 2931 1219 3023 agitatione
1264 2931 1350 3023 igne
1398 2932 1608 3018 moderato,

404 3056 565 3130 subinde
595 3080 715 3151 aquae
734 3059 940 3151 pauxillum
966 3059 1227 3151 inspergenda,
1259 3060 1378 3132 donee
1407 3058 1607 3150 plumbum

405 3185 610 3277 oxydatum
630 3187 780 3278 penitus
801 3187 1036 3279 disparueiit,
1056 3187 1105 3259 ad
1121 3185 1264 3278 justam
1279 3186 1464 3280 emplastu'
1482 3185 1606 3259 consi-

326 3299 328 3306 ⁴
406 3313 594 3386 atentiam.
612 3314 723 3403 Cave,
733 3336 779 3388 ne
790 3315 933 3407 plumbi
944 3314 1096 3406 oxydati
1110 3313 1300 3406 particulis
1317 3314 1366 3386 sit
1380 3314 1608 3406 inspersum.

541 3457 652 3558 liujus
673 3457 866 3562 llnplastrl

813 3595 1010 3684 praumato
1029 3587 1175 3660 ducenta
1195 3593 1224 3658 et
1242 3589 1496 3684 quinquaqinta
1526 3587 1609 3660 u50

409 3715 485 3789 leni
505 3717 627 3790 calore
647 3737 767 3808 coque
788 3715 834 3788 ad
864 3715 1068 3808 perfectam
1096 3714 1241 3787 humidi
1271 3715 1611 3806 consumptionem,

405 3849 484 3915 tum
505 3843 602 3916 adde
623 3843 840 3917 mixtionem
860 3864 880 3915 e

539 3986 649 4066 auru
669 3986 786 4065 lau

540 4131 694 4210 neum
715 4131 880 4210 bunnar

540 4277 753 4380 Colophonii
842 4278 889 4352 aa
907 4281 1079 4376 quamuis
1097 4281 1221 4376 oa'piuu'
1240 4281 1390 4376 quinqua
1556 4278 1611 4352 25

489 4432 525 4497 et
544 4421 799 4502 terebinthina
819 4423 974 4502 leuatae

906 4555 1078 4649 prannuis
1098 4549 1232 4624 dicabus
1251 4557 1282 4622 ci
1302 4553 1486 4622 donidium
1544 4552 1612 4622 bb

410 4687 520 4754 antea
537 4681 760 4772 liquefactis,
