<?xml version="1.0" encoding="UTF-8"?>
<!DOCTYPE html PUBLIC "-//W3C//DTD XHTML 1.0 Transitional//EN"
    "http://www.w3.org/TR/xhtml1/DTD/xhtml1-transitional.dtd">
<html xmlns="http://www.w3.org/1999/xhtml" xml:lang="en" lang="en">
 <head>
  <title>
</title>
<meta http-equiv="Content-Type" content="text/html;charset=utf-8" />
  <meta name='ocr-system' content='tesseract 3.04.00' />
  <meta name='ocr-capabilities' content='ocr_page ocr_carea ocr_par ocr_line ocrx_word'/>
</head>
<body>
  <div class='ocr_page' id='page_1' title='image "./pharmacopoeaaus00unkngoog_0097.png"; bbox 0 0 3502 5454; ppageno 0'>
   <div class='ocr_carea' id='block_1_1' title="bbox 925 561 1138 632">
    <p class='ocr_par' dir='ltr' id='par_1_1' title="bbox 925 561 1138 632">
     <span class='ocr_line' id='line_1_1' title="bbox 925 561 1138 632; baseline 0 -20"><span class='ocrx_word' id='word_1_1' title='bbox 925 561 1138 632; x_wconf 57' lang='lat'>„70-</span> 
     </span>
    </p>
   </div>
   <div class='ocr_carea' id='block_1_2' title="bbox 724 863 1346 980">
    <p class='ocr_par' dir='ltr' id='par_1_2' title="bbox 724 863 1346 980">
     <span class='ocr_line' id='line_1_2' title="bbox 724 863 1346 980; baseline 0.011 -8"><span class='ocrx_word' id='word_1_2' title='bbox 724 863 919 972; x_wconf 73' lang='lat' dir='ltr'>Cortex</span> <span class='ocrx_word' id='word_1_3' title='bbox 946 865 1170 973; x_wconf 83' lang='lat' dir='ltr'>llruotus</span> <span class='ocrx_word' id='word_1_4' title='bbox 1198 863 1346 980; x_wconf 79' lang='lat' dir='ltr'>tint.</span> 
     </span>
    </p>
   </div>
   <div class='ocr_carea' id='block_1_3' title="bbox 782 1073 1279 1154">
    <p class='ocr_par' dir='ltr' id='par_1_3' title="bbox 782 1073 1279 1154">
     <span class='ocr_line' id='line_1_3' title="bbox 782 1073 1279 1154; baseline 0.002 -2"><span class='ocrx_word' id='word_1_5' title='bbox 782 1073 958 1153; x_wconf 81' lang='lat' dir='ltr'>Flavedo</span> <span class='ocrx_word' id='word_1_6' title='bbox 982 1074 1147 1153; x_wconf 82' lang='lat' dir='ltr'><strong>corticis</strong></span> <span class='ocrx_word' id='word_1_7' title='bbox 1171 1073 1279 1154; x_wconf 86' lang='lat' dir='ltr'>Citri.</span> 
     </span>
    </p>
   </div>
   <div class='ocr_carea' id='block_1_4' title="bbox 430 1249 1639 2498">
    <p class='ocr_par' dir='ltr' id='par_1_4' title="bbox 432 1249 1638 1453">
     <span class='ocr_line' id='line_1_4' title="bbox 545 1249 1638 1344; baseline -0.001 -21"><span class='ocrx_word' id='word_1_8' title='bbox 545 1250 663 1324; x_wconf 78' lang='lat' dir='ltr'>Cilrrrs</span> <span class='ocrx_word' id='word_1_9' title='bbox 682 1249 870 1322; x_wconf 80' lang='lat' dir='ltr'><strong><em>Limonum</em></strong></span> <span class='ocrx_word' id='word_1_10' title='bbox 891 1251 1043 1341; x_wconf 89' lang='lat' dir='ltr'>Risso,</span> <span class='ocrx_word' id='word_1_11' title='bbox 1073 1251 1185 1325; x_wconf 89' lang='lat' dir='ltr'>arbor</span> <span class='ocrx_word' id='word_1_12' title='bbox 1204 1251 1244 1323; x_wconf 94' lang='lat' dir='ltr'>in</span> <span class='ocrx_word' id='word_1_13' title='bbox 1262 1252 1481 1344; x_wconf 85' lang='lat' dir='ltr'>regionibus</span> <span class='ocrx_word' id='word_1_14' title='bbox 1502 1250 1638 1324; x_wconf 83' lang='lat' dir='ltr'>calidis</span> 
     </span>
     <span class='ocr_line' id='line_1_5' title="bbox 432 1377 1258 1453; baseline -0.001 0"><span class='ocrx_word' id='word_1_15' title='bbox 432 1380 547 1453; x_wconf 89' lang='lat' dir='ltr'>totius</span> <span class='ocrx_word' id='word_1_16' title='bbox 569 1380 671 1453; x_wconf 89' lang='lat' dir='ltr'>orbis</span> <span class='ocrx_word' id='word_1_17' title='bbox 692 1379 801 1453; x_wconf 87' lang='lat' dir='ltr'>culta.</span> <span class='ocrx_word' id='word_1_18' title='bbox 824 1377 1008 1450; x_wconf 83' lang='lat' dir='ltr'>Butoceoc.</span> <span class='ocrx_word' id='word_1_19' title='bbox 1031 1381 1061 1450; x_wconf 85' lang='lat' dir='ltr'><strong><em>A</em></strong></span> <span class='ocrx_word' id='word_1_20' title='bbox 1068 1379 1258 1452; x_wconf 82' lang='lat' dir='ltr'>orontieoe.</span> 
     </span>
    </p>

    <p class='ocr_par' dir='ltr' id='par_1_5' title="bbox 430 1506 1639 2241">
     <span class='ocr_line' id='line_1_6' title="bbox 538 1506 1638 1602; baseline 0.001 -22"><span class='ocrx_word' id='word_1_21' title='bbox 538 1507 792 1600; x_wconf 89' lang='lat' dir='ltr'>Pericarpium</span> <span class='ocrx_word' id='word_1_22' title='bbox 831 1528 850 1579; x_wconf 96' lang='lat' dir='ltr'>e</span> <span class='ocrx_word' id='word_1_23' title='bbox 889 1506 1071 1579; x_wconf 89' lang='lat' dir='ltr'>fructibus</span> <span class='ocrx_word' id='word_1_24' title='bbox 1120 1507 1276 1580; x_wconf 90' lang='lat' dir='ltr'>maturis</span> <span class='ocrx_word' id='word_1_25' title='bbox 1322 1507 1549 1602; x_wconf 90' lang='lat' dir='ltr'>plerumque</span> <span class='ocrx_word' id='word_1_26' title='bbox 1600 1508 1638 1581; x_wconf 91' lang='lat' dir='ltr'>in</span> 
     </span>
     <span class='ocr_line' id='line_1_7' title="bbox 430 1633 1637 1729; baseline -0.001 -20"><span class='ocrx_word' id='word_1_27' title='bbox 430 1637 567 1710; x_wconf 89' lang='lat' dir='ltr'>taeniis</span> <span class='ocrx_word' id='word_1_28' title='bbox 584 1635 787 1729; x_wconf 86' lang='lat' dir='ltr'>spiralibus</span> <span class='ocrx_word' id='word_1_29' title='bbox 802 1633 1013 1708; x_wconf 90' lang='lat' dir='ltr'>detractum</span> <span class='ocrx_word' id='word_1_30' title='bbox 1029 1640 1068 1708; x_wconf 89' lang='lat' dir='ltr'>et</span> <span class='ocrx_word' id='word_1_31' title='bbox 1082 1635 1265 1708; x_wconf 90' lang='lat' dir='ltr'>siccatum</span> <span class='ocrx_word' id='word_1_32' title='bbox 1280 1641 1459 1709; x_wconf 73' lang='lat' dir='ltr'>constans</span> <span class='ocrx_word' id='word_1_33' title='bbox 1476 1657 1497 1708; x_wconf 89' lang='lat' dir='ltr'>e</span> <span class='ocrx_word' id='word_1_34' title='bbox 1513 1641 1637 1710; x_wconf 87' lang='lat' dir='ltr'>strato</span> 
     </span>
     <span class='ocr_line' id='line_1_8' title="bbox 430 1762 1637 1855; baseline -0.002 -17"><span class='ocrx_word' id='word_1_35' title='bbox 430 1764 611 1838; x_wconf 80' lang='lat' dir='ltr'>exteriore</span> <span class='ocrx_word' id='word_1_36' title='bbox 621 1762 1019 1855; x_wconf 67' lang='lat' dir='ltr'>tuberculatorugoso</span> <span class='ocrx_word' id='word_1_37' title='bbox 1035 1785 1055 1836; x_wconf 91' lang='lat' dir='ltr'>e</span> <span class='ocrx_word' id='word_1_38' title='bbox 1071 1763 1251 1836; x_wconf 80' lang='lat' dir='ltr'>subfusco</span> <span class='ocrx_word' id='word_1_39' title='bbox 1263 1764 1370 1853; x_wconf 86' lang='lat' dir='ltr'>ssavo,</span> <span class='ocrx_word' id='word_1_40' title='bbox 1385 1764 1536 1838; x_wconf 83' lang='lat' dir='ltr'>lacunis</span> <span class='ocrx_word' id='word_1_41' title='bbox 1552 1764 1637 1837; x_wconf 92' lang='lat' dir='ltr'>oleo</span> 
     </span>
     <span class='ocr_line' id='line_1_9' title="bbox 430 1889 1638 1985; baseline -0.002 -19"><span class='ocrx_word' id='word_1_42' title='bbox 430 1893 606 1966; x_wconf 89' lang='lat' dir='ltr'>aethereo</span> <span class='ocrx_word' id='word_1_43' title='bbox 635 1889 785 1985; x_wconf 88' lang='lat' dir='ltr'>repletis</span> <span class='ocrx_word' id='word_1_44' title='bbox 817 1895 996 1978; x_wconf 82' lang='lat' dir='ltr'>scatente,</span> <span class='ocrx_word' id='word_1_45' title='bbox 1032 1890 1250 1979; x_wconf 88' lang='lat' dir='ltr'>aromatico,</span> <span class='ocrx_word' id='word_1_46' title='bbox 1289 1891 1490 1965; x_wconf 89' lang='lat' dir='ltr'>subamaro</span> <span class='ocrx_word' id='word_1_47' title='bbox 1526 1896 1564 1965; x_wconf 93' lang='lat' dir='ltr'>et</span> <span class='ocrx_word' id='word_1_48' title='bbox 1593 1913 1638 1964; x_wconf 77' lang='lat' dir='ltr'>ex</span> 
     </span>
     <span class='ocr_line' id='line_1_10' title="bbox 430 2019 1639 2112; baseline -0.002 -18"><span class='ocrx_word' id='word_1_49' title='bbox 430 2026 550 2094; x_wconf 88' lang='lat' dir='ltr'>strato</span> <span class='ocrx_word' id='word_1_50' title='bbox 569 2019 744 2093; x_wconf 90' lang='lat' dir='ltr'>interiore</span> <span class='ocrx_word' id='word_1_51' title='bbox 764 2019 982 2112; x_wconf 91' lang='lat' dir='ltr'>spongioso,</span> <span class='ocrx_word' id='word_1_52' title='bbox 1009 2019 1106 2108; x_wconf 91' lang='lat' dir='ltr'>albo,</span> <span class='ocrx_word' id='word_1_53' title='bbox 1127 2019 1285 2092; x_wconf 92' lang='lat' dir='ltr'>inodoro</span> <span class='ocrx_word' id='word_1_54' title='bbox 1306 2024 1342 2092; x_wconf 91' lang='lat' dir='ltr'>et</span> <span class='ocrx_word' id='word_1_55' title='bbox 1362 2021 1437 2092; x_wconf 87' lang='lat' dir='ltr'>fere</span> <span class='ocrx_word' id='word_1_56' title='bbox 1457 2019 1639 2112; x_wconf 90' lang='lat' dir='ltr'>insipido,</span> 
     </span>
     <span class='ocr_line' id='line_1_11' title="bbox 431 2146 914 2241; baseline -0.006 -20"><span class='ocrx_word' id='word_1_57' title='bbox 431 2149 532 2241; x_wconf 90' lang='lat' dir='ltr'>quod</span> <span class='ocrx_word' id='word_1_58' title='bbox 551 2146 823 2220; x_wconf 89' lang='lat' dir='ltr'>removendum</span> <span class='ocrx_word' id='word_1_59' title='bbox 844 2153 914 2220; x_wconf 89' lang='lat' dir='ltr'>est.</span> 
     </span>
    </p>

    <p class='ocr_par' dir='ltr' id='par_1_6' title="bbox 430 2273 1637 2498">
     <span class='ocr_line' id='line_1_12' title="bbox 539 2273 1637 2372; baseline -0.005 -24"><span class='ocrx_word' id='word_1_60' title='bbox 539 2277 646 2372; x_wconf 80' lang='lat' dir='ltr'>Aqua</span> <span class='ocrx_word' id='word_1_61' title='bbox 662 2275 908 2347; x_wconf 73' lang='lat' dir='ltr'>terminalium.</span> <span class='ocrx_word' id='word_1_62' title='bbox 929 2273 1109 2346; x_wconf 84' lang='lat' dir='ltr'>Decoctum</span> <span class='ocrx_word' id='word_1_63' title='bbox 1127 2273 1391 2371; x_wconf 82' lang='lat' dir='ltr'>Sursupm·illae</span> <span class='ocrx_word' id='word_1_64' title='bbox 1410 2275 1637 2370; x_wconf 82' lang='lat' dir='ltr'>compositum</span> 
     </span>
     <span class='ocr_line' id='line_1_13' title="bbox 430 2401 983 2498; baseline 0.002 -26"><span class='ocrx_word' id='word_1_65' title='bbox 430 2402 561 2474; x_wconf 67' lang='lat' dir='ltr'>ruritius.</span> <span class='ocrx_word' id='word_1_66' title='bbox 584 2401 743 2498; x_wconf 79' lang='lat' dir='ltr'>Spiritus</span> <span class='ocrx_word' id='word_1_67' title='bbox 762 2402 983 2475; x_wconf 76' lang='lat' dir='ltr'>orontolicus.</span> 
     </span>
    </p>
   </div>
   <div class='ocr_carea' id='block_1_5' title="bbox 799 2721 1266 2839">
    <p class='ocr_par' dir='ltr' id='par_1_7' title="bbox 799 2721 1266 2839">
     <span class='ocr_line' id='line_1_14' title="bbox 799 2721 1266 2839; baseline 0.019 -9"><span class='ocrx_word' id='word_1_68' title='bbox 799 2721 996 2831; x_wconf 72' lang='lat' dir='ltr'>Cortex</span> <span class='ocrx_word' id='word_1_69' title='bbox 1022 2721 1266 2839; x_wconf 81' lang='lat' dir='ltr'>Granati.</span> 
     </span>
    </p>
   </div>
   <div class='ocr_carea' id='block_1_6' title="bbox 417 2945 1640 4825">
    <p class='ocr_par' dir='ltr' id='par_1_8' title="bbox 431 2945 1640 3169">
     <span class='ocr_line' id='line_1_15' title="bbox 538 2945 1640 3039; baseline 0.002 -22"><span class='ocrx_word' id='word_1_70' title='bbox 538 2945 677 3018; x_wconf 81' lang='lat' dir='ltr'>Punico</span> <span class='ocrx_word' id='word_1_71' title='bbox 699 2945 900 3018; x_wconf 82' lang='lat' dir='ltr'>Gronotum</span> <span class='ocrx_word' id='word_1_72' title='bbox 914 2946 1046 3035; x_wconf 75' lang='lat' dir='ltr'>Linn,</span> <span class='ocrx_word' id='word_1_73' title='bbox 1063 2947 1175 3020; x_wconf 87' lang='lat' dir='ltr'>arbor</span> <span class='ocrx_word' id='word_1_74' title='bbox 1189 2946 1227 3019; x_wconf 94' lang='lat' dir='ltr'>in</span> <span class='ocrx_word' id='word_1_75' title='bbox 1243 2945 1392 3019; x_wconf 90' lang='lat' dir='ltr'>Oriente</span> <span class='ocrx_word' id='word_1_76' title='bbox 1408 2952 1640 3039; x_wconf 85' lang='lat' dir='ltr'>spontanea,</span> 
     </span>
     <span class='ocr_line' id='line_1_16' title="bbox 431 3073 1255 3169; baseline 0 -23"><span class='ocrx_word' id='word_1_77' title='bbox 431 3075 470 3147; x_wconf 88' lang='lat' dir='ltr'>in</span> <span class='ocrx_word' id='word_1_78' title='bbox 489 3075 641 3168; x_wconf 85' lang='lat' dir='ltr'>Europa</span> <span class='ocrx_word' id='word_1_79' title='bbox 660 3075 895 3148; x_wconf 86' lang='lat' dir='ltr'>meridionali</span> <span class='ocrx_word' id='word_1_80' title='bbox 916 3074 1025 3147; x_wconf 90' lang='lat' dir='ltr'>culta.</span> <span class='ocrx_word' id='word_1_81' title='bbox 1050 3073 1255 3169; x_wconf 65' lang='lat' dir='ltr'>iniuriamne.</span> 
     </span>
    </p>

    <p class='ocr_par' dir='ltr' id='par_1_9' title="bbox 420 3201 1639 4297">
     <span class='ocr_line' id='line_1_17' title="bbox 538 3201 1639 3276; baseline -0.004 0"><span class='ocrx_word' id='word_1_82' title='bbox 538 3203 672 3276; x_wconf 83' lang='lat' dir='ltr'>Cortex</span> <span class='ocrx_word' id='word_1_83' title='bbox 694 3203 815 3276; x_wconf 90' lang='lat' dir='ltr'>trunci</span> <span class='ocrx_word' id='word_1_84' title='bbox 831 3208 868 3274; x_wconf 90' lang='lat' dir='ltr'>et</span> <span class='ocrx_word' id='word_1_85' title='bbox 889 3224 1080 3276; x_wconf 89' lang='lat' dir='ltr'>ramorum</span> <span class='ocrx_word' id='word_1_86' title='bbox 1096 3203 1271 3276; x_wconf 87' lang='lat' dir='ltr'>siccatus.</span> <span class='ocrx_word' id='word_1_87' title='bbox 1291 3201 1429 3275; x_wconf 86' lang='lat' dir='ltr'>Frusta</span> <span class='ocrx_word' id='word_1_88' title='bbox 1446 3201 1639 3275; x_wconf 86' lang='lat' dir='ltr'>canalicu-</span> 
     </span>
     <span class='ocr_line' id='line_1_18' title="bbox 429 3328 1639 3423; baseline -0.003 -20"><span class='ocrx_word' id='word_1_89' title='bbox 429 3332 506 3403; x_wconf 83' lang='lat' dir='ltr'>lato</span> <span class='ocrx_word' id='word_1_90' title='bbox 526 3335 592 3404; x_wconf 90' lang='lat' dir='ltr'>aut</span> <span class='ocrx_word' id='word_1_91' title='bbox 610 3332 813 3404; x_wconf 87' lang='lat' dir='ltr'>convoluta</span> <span class='ocrx_word' id='word_1_92' title='bbox 831 3352 955 3423; x_wconf 89' lang='lat' dir='ltr'>usque</span> <span class='ocrx_word' id='word_1_93' title='bbox 976 3331 1026 3403; x_wconf 91' lang='lat' dir='ltr'>ad</span> <span class='ocrx_word' id='word_1_94' title='bbox 1045 3331 1120 3403; x_wconf 93' lang='lat' dir='ltr'>duo</span> <span class='ocrx_word' id='word_1_95' title='bbox 1141 3329 1342 3403; x_wconf 86' lang='lat' dir='ltr'>decimetra</span> <span class='ocrx_word' id='word_1_96' title='bbox 1361 3328 1487 3420; x_wconf 89' lang='lat' dir='ltr'>longa,</span> <span class='ocrx_word' id='word_1_97' title='bbox 1512 3349 1639 3401; x_wconf 92' lang='lat' dir='ltr'>unum</span> 
     </span>
     <span class='ocr_line' id='line_1_19' title="bbox 427 3455 1638 3549; baseline -0.002 -19"><span class='ocrx_word' id='word_1_98' title='bbox 427 3457 474 3530; x_wconf 88' lang='lat' dir='ltr'>ad</span> <span class='ocrx_word' id='word_1_99' title='bbox 492 3459 567 3531; x_wconf 89' lang='lat' dir='ltr'>duo</span> <span class='ocrx_word' id='word_1_100' title='bbox 586 3458 799 3531; x_wconf 89' lang='lat' dir='ltr'>millimetra</span> <span class='ocrx_word' id='word_1_101' title='bbox 813 3479 951 3546; x_wconf 90' lang='lat' dir='ltr'>crassa,</span> <span class='ocrx_word' id='word_1_102' title='bbox 962 3457 1069 3546; x_wconf 87' lang='lat' dir='ltr'>levia,</span> <span class='ocrx_word' id='word_1_103' title='bbox 1079 3457 1235 3549; x_wconf 82' lang='lat' dir='ltr'>fragilia,</span> <span class='ocrx_word' id='word_1_104' title='bbox 1251 3457 1288 3529; x_wconf 89' lang='lat' dir='ltr'>in</span> <span class='ocrx_word' id='word_1_105' title='bbox 1304 3456 1467 3530; x_wconf 84' lang='lat' dir='ltr'>tractura</span> <span class='ocrx_word' id='word_1_106' title='bbox 1482 3455 1638 3548; x_wconf 88' lang='lat' dir='ltr'>aequali</span> 
     </span>
     <span class='ocr_line' id='line_1_20' title="bbox 426 3583 1638 3678; baseline -0.002 -20"><span class='ocrx_word' id='word_1_107' title='bbox 426 3585 611 3675; x_wconf 85' lang='lat' dir='ltr'>subflava,</span> <span class='ocrx_word' id='word_1_108' title='bbox 631 3586 670 3658; x_wconf 91' lang='lat' dir='ltr'>in</span> <span class='ocrx_word' id='word_1_109' title='bbox 688 3587 802 3659; x_wconf 90' lang='lat' dir='ltr'>latere</span> <span class='ocrx_word' id='word_1_110' title='bbox 822 3585 1006 3658; x_wconf 86' lang='lat' dir='ltr'>exteriore</span> <span class='ocrx_word' id='word_1_111' title='bbox 1031 3585 1236 3676; x_wconf 83' lang='lat' dir='ltr'>subgrisea,</span> <span class='ocrx_word' id='word_1_112' title='bbox 1261 3605 1330 3678; x_wconf 93' lang='lat' dir='ltr'>per</span> <span class='ocrx_word' id='word_1_113' title='bbox 1354 3583 1638 3676; x_wconf 88' lang='lat' dir='ltr'>longitudinem</span> 
     </span>
     <span class='ocr_line' id='line_1_21' title="bbox 425 3710 1637 3806; baseline -0.004 -20"><span class='ocrx_word' id='word_1_114' title='bbox 425 3713 529 3806; x_wconf 89' lang='lat' dir='ltr'>rugis</span> <span class='ocrx_word' id='word_1_115' title='bbox 550 3712 739 3786; x_wconf 90' lang='lat' dir='ltr'>suberinis</span> <span class='ocrx_word' id='word_1_116' title='bbox 759 3712 912 3786; x_wconf 88' lang='lat' dir='ltr'>elevatis</span> <span class='ocrx_word' id='word_1_117' title='bbox 927 3712 1166 3786; x_wconf 84' lang='lat' dir='ltr'>flavo-fuscis</span> <span class='ocrx_word' id='word_1_118' title='bbox 1182 3710 1340 3804; x_wconf 86' lang='lat' dir='ltr'>trajecta</span> <span class='ocrx_word' id='word_1_119' title='bbox 1355 3716 1392 3786; x_wconf 93' lang='lat' dir='ltr'>et</span> <span class='ocrx_word' id='word_1_120' title='bbox 1405 3711 1637 3805; x_wconf 89' lang='lat' dir='ltr'>plerumque</span> 
     </span>
     <span class='ocr_line' id='line_1_22' title="bbox 425 3837 1635 3934; baseline -0.003 -20"><span class='ocrx_word' id='word_1_121' title='bbox 425 3840 631 3934; x_wconf 90' lang='lat' dir='ltr'>apotheciis</span> <span class='ocrx_word' id='word_1_122' title='bbox 665 3841 803 3934; x_wconf 73' lang='lat' dir='ltr'>parvis</span> <span class='ocrx_word' id='word_1_123' title='bbox 832 3841 951 3933; x_wconf 86' lang='lat' dir='ltr'>nigris</span> <span class='ocrx_word' id='word_1_124' title='bbox 981 3839 1189 3914; x_wconf 87' lang='lat' dir='ltr'>residuisve</span> <span class='ocrx_word' id='word_1_125' title='bbox 1219 3839 1324 3912; x_wconf 85' lang='lat' dir='ltr'>thalli</span> <span class='ocrx_word' id='word_1_126' title='bbox 1353 3837 1545 3912; x_wconf 90' lang='lat' dir='ltr'>lichenum</span> <span class='ocrx_word' id='word_1_127' title='bbox 1575 3837 1635 3910; x_wconf 92' lang='lat' dir='ltr'>in·</span> 
     </span>
     <span class='ocr_line' id='line_1_23' title="bbox 424 3964 1636 4058; baseline -0.003 -17"><span class='ocrx_word' id='word_1_128' title='bbox 424 3973 577 4058; x_wconf 90' lang='lat' dir='ltr'>structa,</span> <span class='ocrx_word' id='word_1_129' title='bbox 607 3968 646 4040; x_wconf 91' lang='lat' dir='ltr'>in</span> <span class='ocrx_word' id='word_1_130' title='bbox 666 3969 780 4042; x_wconf 90' lang='lat' dir='ltr'>latere</span> <span class='ocrx_word' id='word_1_131' title='bbox 799 3968 976 4041; x_wconf 92' lang='lat' dir='ltr'>interiore</span> <span class='ocrx_word' id='word_1_132' title='bbox 996 3967 1125 4055; x_wconf 89' lang='lat' dir='ltr'>laevia,</span> <span class='ocrx_word' id='word_1_133' title='bbox 1156 3967 1256 4040; x_wconf 90' lang='lat' dir='ltr'>flava</span> <span class='ocrx_word' id='word_1_134' title='bbox 1282 3972 1348 4039; x_wconf 90' lang='lat' dir='ltr'>aut</span> <span class='ocrx_word' id='word_1_135' title='bbox 1375 3964 1636 4052; x_wconf 85' lang='lat' dir='ltr'>rubro-fusca,</span> 
     </span>
     <span class='ocr_line' id='line_1_24' title="bbox 424 4093 1637 4170; baseline -0.002 -2"><span class='ocrx_word' id='word_1_136' title='bbox 424 4096 463 4168; x_wconf 92' lang='lat' dir='ltr'>in</span> <span class='ocrx_word' id='word_1_137' title='bbox 509 4096 675 4170; x_wconf 82' lang='lat' dir='ltr'>sectione</span> <span class='ocrx_word' id='word_1_138' title='bbox 724 4101 946 4169; x_wconf 87' lang='lat' dir='ltr'>transversa</span> <span class='ocrx_word' id='word_1_139' title='bbox 995 4095 1066 4169; x_wconf 88' lang='lat' dir='ltr'>sub</span> <span class='ocrx_word' id='word_1_140' title='bbox 1114 4095 1214 4168; x_wconf 91' lang='lat' dir='ltr'>lente</span> <span class='ocrx_word' id='word_1_141' title='bbox 1262 4093 1370 4167; x_wconf 90' lang='lat' dir='ltr'>lineis</span> <span class='ocrx_word' id='word_1_142' title='bbox 1417 4093 1637 4166; x_wconf 86' lang='lat' dir='ltr'>tenerrimis</span> 
     </span>
     <span class='ocr_line' id='line_1_25' title="bbox 420 4223 622 4297; baseline -0.005 -1"><span class='ocrx_word' id='word_1_143' title='bbox 420 4223 622 4297; x_wconf 89' lang='lat' dir='ltr'>tessellata.</span> 
     </span>
    </p>

    <p class='ocr_par' dir='ltr' id='par_1_10' title="bbox 417 4347 1639 4825">
     <span class='ocr_line' id='line_1_26' title="bbox 530 4347 1637 4440; baseline -0.003 -16"><span class='ocrx_word' id='word_1_144' title='bbox 530 4349 664 4424; x_wconf 85' lang='lat' dir='ltr'>Cortex</span> <span class='ocrx_word' id='word_1_145' title='bbox 692 4349 841 4439; x_wconf 74' lang='lat' dir='ltr'>radicis</span> <span class='ocrx_word' id='word_1_146' title='bbox 881 4350 995 4422; x_wconf 89' lang='lat' dir='ltr'>etiam</span> <span class='ocrx_word' id='word_1_147' title='bbox 1025 4348 1275 4438; x_wconf 75' lang='lat' dir='ltr'>adhibendus</span> <span class='ocrx_word' id='word_1_148' title='bbox 1313 4347 1465 4440; x_wconf 89' lang='lat' dir='ltr'>saepius</span> <span class='ocrx_word' id='word_1_149' title='bbox 1489 4347 1637 4421; x_wconf 82' lang='lat' dir='ltr'>mixtus</span> 
     </span>
     <span class='ocr_line' id='line_1_27' title="bbox 422 4477 1637 4570; baseline -0.004 -18"><span class='ocrx_word' id='word_1_150' title='bbox 422 4478 549 4552; x_wconf 89' lang='lat' dir='ltr'>cortici</span> <span class='ocrx_word' id='word_1_151' title='bbox 592 4478 715 4552; x_wconf 85' lang='lat' dir='ltr'>trunci</span> <span class='ocrx_word' id='word_1_152' title='bbox 753 4498 1022 4570; x_wconf 88' lang='lat' dir='ltr'>ramorumque</span> <span class='ocrx_word' id='word_1_153' title='bbox 1069 4477 1106 4549; x_wconf 93' lang='lat' dir='ltr'>in</span> <span class='ocrx_word' id='word_1_154' title='bbox 1153 4481 1367 4550; x_wconf 89' lang='lat' dir='ltr'>mercatura</span> <span class='ocrx_word' id='word_1_155' title='bbox 1413 4495 1637 4568; x_wconf 67' lang='lat' dir='ltr'>occurrens</span> 
     </span>
     <span class='ocr_line' id='line_1_28' title="bbox 420 4603 1638 4697; baseline -0.001 -20"><span class='ocrx_word' id='word_1_156' title='bbox 420 4605 698 4697; x_wconf 88' lang='lat' dir='ltr'>dignoscendus</span> <span class='ocrx_word' id='word_1_157' title='bbox 717 4610 774 4677; x_wconf 89' lang='lat' dir='ltr'>est</span> <span class='ocrx_word' id='word_1_158' title='bbox 788 4605 918 4678; x_wconf 88' lang='lat' dir='ltr'>frustis</span> <span class='ocrx_word' id='word_1_159' title='bbox 935 4604 1183 4678; x_wconf 86' lang='lat' dir='ltr'>communiter</span> <span class='ocrx_word' id='word_1_160' title='bbox 1199 4603 1405 4676; x_wconf 89' lang='lat' dir='ltr'>minoribus</span> <span class='ocrx_word' id='word_1_161' title='bbox 1420 4603 1638 4696; x_wconf 88' lang='lat' dir='ltr'>subplanis,</span> 
     </span>
     <span class='ocr_line' id='line_1_29' title="bbox 417 4730 1639 4825; baseline -0.002 -19"><span class='ocrx_word' id='word_1_162' title='bbox 417 4753 496 4806; x_wconf 94' lang='lat' dir='ltr'>non</span> <span class='ocrx_word' id='word_1_163' title='bbox 515 4755 602 4806; x_wconf 92' lang='lat' dir='ltr'>raro</span> <span class='ocrx_word' id='word_1_164' title='bbox 622 4733 826 4808; x_wconf 86' lang='lat' dir='ltr'>recurvatis</span> <span class='ocrx_word' id='word_1_165' title='bbox 846 4738 884 4804; x_wconf 93' lang='lat' dir='ltr'>et</span> <span class='ocrx_word' id='word_1_166' title='bbox 902 4731 1099 4825; x_wconf 88' lang='lat' dir='ltr'>superficie</span> <span class='ocrx_word' id='word_1_167' title='bbox 1123 4731 1271 4805; x_wconf 91' lang='lat' dir='ltr'>interna</span> <span class='ocrx_word' id='word_1_168' title='bbox 1296 4730 1427 4804; x_wconf 90' lang='lat' dir='ltr'>assula</span> <span class='ocrx_word' id='word_1_169' title='bbox 1451 4730 1547 4823; x_wconf 89' lang='lat' dir='ltr'>ligni</span> <span class='ocrx_word' id='word_1_170' title='bbox 1568 4732 1639 4804; x_wconf 89' lang='lat' dir='ltr'>ad·</span> 
     </span>
    </p>
   </div>
   <div class='ocr_carea' id='block_1_7' title="bbox 0 0 1756 5454">
    <p class='ocr_par' dir='ltr' id='par_1_11' title="bbox 0 0 1756 5454">
     <span class='ocr_line' id='line_1_30' title="bbox 0 0 1756 5454; baseline 0 5"><span class='ocrx_word' id='word_1_171' title='bbox 0 0 1756 5454; x_wconf 95' lang='lat' dir='ltr'> </span> 
     </span>
    </p>
   </div>
  </div>
 </body>
</html>
