3574 5454
660 605 868 679 -101-

165 825 357 898 ammonia
377 825 504 898 addita
518 823 806 917 praecipitatum
826 823 927 896 ducit
947 846 993 897 ex
1018 825 1123 896 fusco
1151 824 1307 898 rubrum
1327 831 1364 899 et

167 953 214 1024 ad
244 951 497 1025 ebullitionem
535 953 723 1041 calefacta,
764 951 993 1024 ammoniam
1031 950 1176 1024 emittit.
1221 953 1363 1026 Solutio

166 1101 313 1172 aquosa
337 1079 465 1168 diluta,
496 1079 872 1172 balio-ferrocyanato
902 1079 1080 1168 admixto,
1112 1084 1192 1152 tum
1212 1080 1364 1153 demum

166 1207 451 1300 praecipitatum
485 1207 698 1280 caeruleum
745 1207 864 1296 efficit,
914 1228 1031 1300 quum
1070 1206 1207 1280 solutio
1256 1207 1361 1279 acido

166 1335 451 1427 hydrochlorico
485 1334 593 1406 acida
624 1334 725 1408 facta
756 1334 878 1408 fuerit.
913 1333 1287 1426 Kalioierricyanato
1316 1355 1363 1408 ne

166 1468 340 1535 mutetur.

277 1590 421 1664 Solutio
451 1611 598 1684 aquosa
630 1590 757 1679 acidis,
787 1595 824 1663 et
847 1589 1134 1682 hydrochlorico
1163 1594 1200 1662 et
1218 1589 1362 1681 nitric0,

166 1720 301 1811 frigore
335 1718 624 1811 praecipitatum
656 1719 797 1792 flavum
830 1718 942 1807 ducit,
973 1718 1075 1810 quod
1101 1717 1363 1806 calefaciendo,

166 1847 293 1940 utique
314 1867 415 1938 aqua
435 1844 622 1918 destillata
642 1845 799 1938 adjecta,
820 1867 954 1918 rursus
976 1845 1144 1918 solvitur.

277 1973 494 2046 Grammata
526 1974 602 2046 duo
634 1971 751 2064 hujus
784 1974 996 2067 praeparati
1028 1973 1217 2045 indecem
1250 1973 1363 2045 centi-

166 2101 295 2174 metris
335 2100 476 2174 cubicis
511 2122 612 2193 aqua
640 2101 775 2188 soluta,
805 2100 938 2173 deinde
967 2123 1052 2173 cum
1084 2101 1213 2174 decem
1251 2101 1362 2173 centi-

166 2228 295 2302 metris
329 2228 468 2302 cubicis
502 2228 600 2301 acidi
633 2228 801 2302 sullurici
835 2228 940 2302 diluti
960 2228 1076 2301 mixta
1110 2231 1146 2300 et
1173 2227 1362 2316 calefacta,

166 2356 394 2429 solutionem
412 2356 669 2448 refrigeratam
700 2356 895 2450 limpidam
928 2355 1143 2447 praebeant,
1178 2376 1274 2447 quae
1305 2353 1362 2426 bis

168 2505 254 2556 cum
286 2484 424 2556 vicems
459 2484 686 2558 centimetris
726 2483 864 2556 cubicis
898 2482 1060 2555 aetheris
1095 2485 1362 2574 conquassata,

166 2611 252 2684 huic
285 2617 430 2704 partem
464 2611 560 2685 acidi
594 2612 708 2684 citrici
741 2611 905 2683 tradunt.
951 2608 1115 2683 Aethere
1149 2612 1362 2701 evaporato,

165 2739 359 2812 residuum
374 2738 412 2811 iu
426 2739 560 2812 balneo
572 2759 693 2830 aquae
705 2738 887 2812 siccatum
897 2742 933 2809 et
944 2758 1029 2810 cum
1044 2737 1204 2829 decupla
1215 2734 1361 2828 quanti-

166 2872 241 2939 tate
263 2867 358 2938 acidi
379 2866 547 2940 sulfurici
566 2865 794 2939 couceutrati
814 2864 853 2936 in
872 2864 1008 2938 balneo
1029 2885 1151 2956 aquae
1181 2863 1228 2934 ad
1252 2864 1328 2934 100
1343 2864 1361 2899 0

167 2992 400 3082 calefactum,
416 2993 644 3067 solutionem
663 2995 801 3065 flavam
815 2990 1006 3085 praebeat,
1028 3012 1124 3084 quae
1136 2990 1207 3063 etsi
1227 2989 1365 3062 diutius

167 3119 348 3193 calefacta
367 3121 531 3193 colorem
551 3143 596 3194 ex
616 3121 723 3193 lusco
737 3121 892 3193 rubrum
907 3119 966 3191 vel
975 3119 1123 3192 fuscum
1137 3140 1185 3191 ne
1199 3117 1364 3209 recipiat.

167 3247 310 3320 Solutio
331 3270 488 3340 aquosa,
510 3247 618 3320 acido
645 3249 776 3322 uitrico
811 3246 1008 3334 acidulata,
1044 3246 1170 3318 addito
1210 3249 1363 3336 argento

166 3376 298 3448 uitrico
319 3376 366 3447 ad
388 3397 580 3478 summum
600 3376 759 3468 vestigia
787 3373 1011 3448 turbationis
1035 3374 1226 3466 praebeat,
1246 3371 1362 3463 baryo

166 3502 299 3576 uitrico
318 3525 366 3576 ne
386 3507 562 3575 mutetur.

275 3629 317 3702 In
355 3634 539 3722 apparatu
575 3629 728 3703 Marshii
774 3629 1027 3702 examinatum
1072 3650 1120 3701 ue
1167 3626 1364 3718 vestigium

168 3758 318 3850 quidem
337 3758 478 3850 speculi
498 3757 658 3830 arsenici
677 3756 821 3849 prodat.

229 4208 453 4316 Ferrum
479 4203 955 4349 bydrooxydatum
981 4203 1310 4345 dialysaium

620 4369 902 4510 liquidum.

276 4631 474 4723 Dialyseos
485 4654 556 4725 ope
568 4654 613 4704 ex
624 4632 720 4705 serro
732 4629 1030 4722 sesquichlorato
1041 4630 1169 4702 basico
1180 4634 1363 4721 paratum,

169 4760 340 4834 exhibeat
358 4759 545 4854 liquorem
563 4757 768 4850 limpidum,
790 4757 926 4830 coloris
954 4756 1100 4830 intense
1129 4755 1241 4844 rubri,
1261 4777 1362 4828 reac-
