3576 5454
700 561 936 634 —a37-

215 778 345 850 ultima
364 777 520 869 vestigia
535 779 765 870 extrioentur,
792 778 877 851 dein
896 779 1058 852 resinam
1082 801 1104 850 a
1123 778 1265 870 liquore
1287 800 1415 870 super-

212 909 365 977 natante
395 927 538 997 separa,
567 927 667 998 aqua
685 905 824 979 fervida
847 905 986 998 optime
1003 906 1083 978 elue
1099 911 1135 979 et
1146 906 1284 978 elotam
1297 905 1335 977 in
1346 927 1413 977 vas

213 1033 489 1124 porcellaneum
516 1032 724 1106 immissam
745 1031 883 1106 calefac
911 1033 950 1105 in
970 1033 1105 1106 balneo
1126 1055 1268 1124 aquae,
1295 1033 1414 1104 donee

212 1182 300 1253 pars
322 1165 495 1252 exempta
520 1166 556 1233 et
573 1160 787 1252 refrigerata
805 1161 912 1234 facile
932 1160 1083 1234 friabilis
1104 1161 1176 1232 irat.

320 1287 364 1360 In
383 1287 538 1360 bacillos
558 1288 757 1361 formatam
777 1309 895 1360 serva.

322 1413 375 1486 Sit
385 1413 568 1488 fracturae
586 1414 826 1507 splendentis
838 1414 973 1487 coloris
984 1435 1004 1485 e
1015 1415 1112 1488 llavo
1125 1415 1228 1502 fusci,
1240 1414 1412 1501 friabilis;

211 1541 317 1614 facile
326 1541 365 1613 in
375 1541 506 1633 spiritu
517 1541 601 1630 vini,
617 1542 800 1634 parumin
811 1542 962 1615 aethere
974 1541 1155 1626 solvatur;
1175 1542 1212 1612 in
1224 1541 1307 1614 oleo
1318 1547 1411 1614 tere-

210 1668 401 1741 binthinae
421 1673 457 1741 et
472 1669 509 1741 in
523 1669 786 1742 chloroformio
803 1669 1011 1742 insolubilis
1026 1670 1082 1742 sit.
1103 1669 1145 1741 ln
1156 1671 1319 1761 quinque
1330 1690 1425 1761 par.

211 1795 310 1868 tibus
327 1796 536 1868 ammoniae
552 1797 800 1869 calefaciendo
820 1797 1003 1882 solvatur;
1025 1797 1161 1869 solutio
1178 1798 1309 1870 effecta
1326 1801 1414 1888 post

210 1923 526 2013 refrigerationem
545 1945 615 1996 neo
638 1926 676 1997 in
697 1924 895 2016 gelatinam
915 1925 1030 2014 abeat,
1055 1947 1125 1998 neo
1146 1923 1252 1996 acido
1273 1922 1410 2014 hydro-

215 2048 376 2122 ohlorico
401 2049 547 2122 acidula
565 2051 663 2123 faeta
681 2050 859 2124 turbetur.

589 2462 737 2574 Roob
764 2465 1029 2607 iuniperi.

212 2687 314 2779 Rpe:
350 2684 542 2763 l‘ruotuun
563 2683 730 2790 iuniperi
751 2691 973 2768 maturarum
993 2688 1191 2766 rosontio·
1216 2715 1246 2786 q.
1271 2716 1299 2762 v.

349 2814 538 2889 Coniusos
559 2837 678 2910 coque
697 2818 735 2890 in

350 2940 471 3043 lquor
491 2941 701 3020 destillans
719 2967 746 3016 s.
769 2967 799 3039 q.

214 3071 333 3144 donec
352 3070 585 3159 mollescant,
605 3071 690 3144 dein
711 3071 884 3163 exprime.

321 3197 461 3291 Liquor
475 3197 633 3270 colando
649 3199 852 3293 depuratus
868 3203 1089 3291 evaporetur
1118 3200 1164 3271 ad
1182 3199 1300 3271 mellis
1317 3199 1410 3290 spis-

212 3324 420 3415 situdinem,
441 3325 573 3398 deinde

349 3447 452 3528 Snooi
471 3449 659 3553 implorati
680 3453 786 3524 ternis
799 3452 967 3548 portibus

212 3578 372 3651 addatur

348 3701 519 3781 Snoobari
539 3703 721 3806 pullenti
734 3731 825 3802 pars
845 3733 919 3780 uria

213 3837 249 3905 et
268 3831 342 3905 leni
362 3832 483 3905 calore
503 3833 728 3925 inspissetur
746 3835 784 3907 in
803 3836 907 3908 roob.

591 4248 738 4357 Roob
765 4246 1033 4358 Sambuoi.

212 4471 317 4562 Rpe:
347 4467 536 4546 lnotuun
557 4467 723 4548 Sanbuol
742 4471 939 4548 morutium
959 4498 991 4569 q.
1013 4499 1043 4545 a

320 4595 468 4669 Calelac
497 4598 670 4689 agitando
700 4621 821 4692 usque
851 4600 899 4672 ad
919 4601 1182 4692 ebullitionem,
1213 4603 1344 4675 deinde
1369 4604 1408 4675 li-

211 4745 367 4816 quorem
394 4746 463 4816 per
491 4727 649 4798 cribrum
685 4733 877 4802 setaceum
905 4728 1114 4803 transmitte
1153 4735 1189 4802 et
1216 4730 1406 4804 residuum
