3502 5454
863 519 1089 594 ,ΧΗ-

495 737 544 822 Ι1
568 735 799 825 selectione
824 736 1173 849 medicaminum,
1214 768 1324 856 quae
1359 742 1581 828 materiam

384 901 487 985 novi
532 899 692 987 codicis
731 904 1001 1012 constituunt,
1041 931 1142 1019 prae
1180 905 1358 992 caeteris
1396 905 1581 992 rationes

384 1063 642 1152 scientificae
661 1072 703 1152 et
712 1065 867 1153 clinica
884 1069 1144 1182 experientia
1161 1068 1381 1155 consultae
1399 1068 1579 1156 filerunt.

386 1226 645 1316 Omittuntur
704 1229 1005 1342 medicamina,
1067 1261 1178 1349 quae
1223 1237 1339 1349 lapsu
1368 1232 1582 1348 temporis

383 1421 478 1479 raro
517 1394 687 1480 nonnisi
730 1403 803 1480 aut
825 1395 1000 1481 omnino
1045 1423 1133 1482 non
1172 1394 1226 1482 ab
1250 1397 1350 1482 artis
1388 1394 1582 1482 medicae

384 1557 528 1673 peritis
572 1558 621 1642 in
670 1587 797 1644 nsum
851 1568 1057 1646 vocantur
1102 1569 1143 1647 et
1185 1561 1323 1674 aptius
1366 1557 1579 1666 remediis,

383 1723 599 1838 principiis
628 1750 742 1810 nnnc
764 1723 1007 1837 vigentibus
1030 1723 1337 1833 accomodatis,
1377 1749 1582 1838 compen·

384 1887 469 1972 sari
491 1896 681 2003 possunt,
719 1915 845 2002 porro
876 1887 1164 1975 medicamina
1184 1884 1339 1974 dubiae
1362 1872 1414 1974 ac
1442 1885 1582 1974 varia-

384 2048 481 2136 bilis
528 2050 751 2154 efficaciae,
798 2051 973 2139 demum
1018 2052 1081 2139 sic
1125 2050 1239 2139 dicta
1281 2049 1423 2160 cruda,
1470 2077 1582 2165 quae

382 2244 470 2302 non
532 2227 671 2331 partes
733 2217 1037 2304 const'tuentes
1099 2215 1447 2324 medicaminum,
1505 2211 1582 2300 sed

382 2380 552 2465 nonnisi
574 2379 836 2467 adminicula
863 2383 907 2466 in
931 2379 1129 2496 parandis
1166 2377 1424 2495 quibusdam
1458 2406 1581 2494 prae-

382 2545 539 2656 paratis
571 2555 677 2632 sunt.

492 2706 783 2795 Medicamina
822 2708 983 2794 ultimis
1021 2705 1238 2794 decenniis
1287 2709 1441 2822 partim
1490 2713 1581 2791 arte

383 2872 581 2958 chemica
625 2872 788 2981 effecta,
828 2873 985 2987 partim
1024 2899 1077 2957 ex
1123 2868 1371 2955 substantiis
1401 2880 1580 2982 vegeta-

385 3033 541 3121 bilibus
566 3034 820 3151 deprompta
853 3043 895 3122 et
927 3035 971 3120 in
1011 3033 1275 3123 commercio
1300 3031 1441 3142 obvia,
1468 3060 1579 3147 quae

381 3201 630 3288 thesaurum
674 3201 1017 3315 therapeuticum
1064 3199 1247 3285 nimium
1291 3206 1451 3312 augent
1493 3224 1581 3282 non

381 3367 620 3480 permisooe
648 3393 763 3452 novo
792 3364 934 3452 codici
964 3361 1189 3451 inserenda
1219 3361 1295 3448 sed
1323 3361 1493 3448 nonnisi
1528 3388 1580 3446 ea

381 3527 627 3644 recipienda
669 3525 933 3637 videbantur,
969 3555 1152 3644 qnorum
1205 3527 1271 3612 vis
1304 3554 1392 3612 non
1435 3525 1578 3613 solum

382 3693 535 3778 toxicis
577 3693 876 3809 experimentis
918 3691 1186 3805 investigata,
1243 3716 1394 3775 verum
1449 3690 1575 3775 etiarn

382 3858 693 3974 circumspecta
721 3857 876 3944 clinica
906 3855 1168 3971 experientia
1190 3849 1472 3969 comprobata
1495 3861 1577 3960 est,

382 4049 567 4135 quorum
623 4021 867 4108 constitutio
924 4020 1121 4106 chemica
1176 4025 1388 4128 constans,
1453 4017 1576 4129 origo

383 4191 521 4270 certus
562 4183 744 4272 habetur
766 4193 895 4300 atque
918 4180 1354 4299 incorruptaindoles
1380 4177 1578 4296 expedite

383 4347 580 4462 dignosci
602 4360 751 4465 potest.

427 4545 431 4554 ’
491 4484 634 4618 Quum
657 4513 977 4626 conjunctiones
1017 4511 1252 4622 chemicae,
1293 4538 1404 4626 quae
1433 4509 1577 4594 thera-

383 4682 549 4791 peutico
606 4677 700 4762 usui
755 4675 1000 4784 inserviunt,
1068 4677 1255 4790 optimae
1317 4673 1473 4762 indolis
1533 4675 1577 4758 in
