3576 5454
689 559 740 570 -
772 518 848 592 rra
879 560 937 626 -.

319 734 486 808 Coneisis
507 740 543 808 et
563 735 730 808 contusis
750 737 901 810 affunde

345 856 502 962 Spiritus
521 859 599 937 tint
621 859 728 940 diluti
783 869 986 962 qrammato
1007 865 1208 962 qrrinyento.
1328 869 1408 938 500

317 989 446 1080 Digere
480 991 633 1081 saepius
668 993 958 1083 conquassando
997 1012 1065 1082 por
1097 992 1177 1065 dies
1212 1014 1288 1080 sex,
1330 998 1408 1065 tum

210 1118 302 1206 cola,
324 1116 486 1209 exprime
507 1121 543 1190 et
563 1116 674 1190 filtra.

249 1369 653 1480 Tmolum
679 1369 1004 1482 Aeomu
1028 1368 1379 1530 radiata

210 1592 310 1682 ttpe:
350 1586 494 1666 uarius
515 1586 654 1665 Aaouiti
676 1587 892 1689 pulvorem

966 1725 1170 1815 qrammata
1191 1718 1301 1791 decem
1361 1720 1410 1790 10

345 1840 503 1943 Spiritus
518 1842 595 1919 tint
610 1841 717 1920 diluti
737 1851 940 1942 yrammata
960 1851 1092 1916 reatum
1112 1852 1144 1917 et
1163 1845 1300 1943 eiqinti.
1336 1847 1410 1917 100

318 1971 502 2044 Humecta
520 1974 712 2065 pulverem
732 1995 817 2046 cum
836 1973 999 2066 pauxillo
1020 1975 1172 2066 spiritus
1191 1975 1266 2046 viui
1297 1973 1410 2060 diluti,

210 2099 300 2192 quin
330 2099 574 2191 conglobetur
607 2105 643 2173 et
676 2120 816 2193 sepone
849 2121 915 2192 per
943 2100 1086 2173 horam.
1122 2101 1219 2174 Tum
1243 2122 1410 2174 massam

209 2227 334 2319 ingere
359 2226 398 2298 in
427 2232 647 2319 apparatum
674 2228 938 2321 depulsorium,
967 2228 1139 2302 addendo
1165 2229 1317 2322 spiritus
1336 2227 1411 2300 vini

211 2353 315 2427 diluti
342 2353 588 2427 sufficientem
613 2355 868 2446 quantitatem,
896 2361 937 2429 ut
961 2377 1090 2429 massa
1110 2357 1242 2450 spiritu
1263 2357 1412 2428 obtecta

211 2482 258 2555 sit
278 2488 313 2554 et
331 2503 481 2554 macera
499 2504 566 2573 per
585 2483 831 2574 quadraginta
860 2487 944 2554 octo
964 2483 1092 2556 horas.
1128 2483 1209 2556 Hoc
1243 2489 1411 2574 tempore

209 2609 337 2700 elapso
358 2609 415 2680 sao
433 2608 616 2701 liquorem
636 2610 772 2682 stillare
794 2615 830 2682 et
850 2611 1031 2701 separatis
1057 2612 1198 2683 vicibus
1227 2611 1410 2702 reliquam

212 2736 362 2827 spiritus
382 2735 457 2808 vini
475 2736 580 2809 diluti
596 2738 841 2828 quantitatem
861 2739 1135 2830 superaffunde.

321 2863 477 2936 Pondus

347 2990 540 3069 rnatum
559 2987 730 3069 obtentae
744 2989 792 3068 stt
845 2997 1084 3088 yrammatum
1104 2999 1247 3082 raretum.
1337 2991 1411 3062 100

564 3241 827 3349 'l'inotura
853 3274 1060 3350 amara.

573 3470 764 3548 Tinctum
787 3470 1050 3549 stomaohioa.

212 3667 314 3758 ttpe:
355 3663 535 3741 Foliorum
553 3661 694 3740 11111)Ιί1
715 3662 835 3741 fibrini

350 3791 489 3870 iimina
509 3789 696 3868 Commii
718 3791 868 3868 minoris

348 3917 496 3996 Bottiaia
516 3917 712 3996 Gentianae

349 4047 501 4125 torticia
521 4045 674 4122 Fruatur
694 4044 857 4123 iurantii
906 4043 953 4117 rm
970 4051 1174 4143 qrammata
1194 4043 1300 4114 daem
1363 4043 1411 4112 10

351 4171 463 4251 rotro
485 4170 671 4251 carboniai
689 4172 909 4274 arytaitimti
928 4178 1132 4270 yrammota
1152 4172 1304 4266 quinque
1388 4172 1410 4240 ὐ

351 4302 470 4404 Aquae
491 4301 707 4378 Cinnano-i
728 4301 948 4401 spirituosuo

876 4433 1078 4526 yrammato
1099 4427 1300 4522 quinqenta.
1333 4425 1411 4496 500

322 4557 481 4631 Concisa
495 4562 531 4629 et
547 4563 707 4630 contusa
722 4557 843 4646 digere
858 4577 925 4646 por
941 4556 1115 4643 triduum,
1138 4555 1230 4640 cola,
1248 4551 1410 4643 exprime

214 4692 250 4759 ot
268 4686 375 4758 filtra.

265 4824 459 4878 Pharmawpooa.
1197 4819 1230 4874 18
