3598 5466
881 477 1123 550 -090-

562 693 910 806 limeum
948 695 1440 804 coloratum.

512 915 639 988 Massa
649 899 872 1006 crystallina,
884 914 978 1006 alba,
990 921 1074 986 aere
1084 913 1239 989 humido
1251 914 1435 1006 diffluens,
1445 915 1483 988 in
1504 937 1601 1008 aqua

403 1047 440 1114 et
460 1041 590 1134 spiritu
609 1041 683 1115 vini
703 1041 808 1114 lacile
829 1046 865 1114 et
880 1062 925 1114 ex
939 1041 1082 1133 integro
1094 1041 1273 1116 solubilis,
1295 1039 1436 1114 Solutio
1449 1063 1602 1134 aquosa,

402 1169 600 1243 reactionis
621 1169 758 1258 acidae,
779 1167 905 1241 addito
922 1168 1108 1242 ammonio
1125 1169 1307 1243 sulfurato
1323 1168 1603 1260 praecipitatum

403 1296 529 1368 album
541 1295 921 1386 demittit;argentum
930 1295 1103 1368 uitricum
1113 1317 1182 1368 nec
1194 1316 1271 1367 non
1280 1295 1469 1368 ammonia
1478 1295 1603 1370 itidem

405 1423 649 1516 praecipitata
667 1423 753 1496 alba
772 1422 946 1514 efficiunt,
963 1445 1122 1516 quorum
1136 1428 1337 1516 utrumque
1352 1423 1390 1496 in
1416 1425 1603 1498 ammonia

406 1549 620 1624 abundante
640 1551 802 1642 perfecte
823 1550 990 1623 solvitur.
1017 1551 1158 1624 Solutio
1179 1572 1335 1643 aquosa,
1355 1528 1482 1626 addito
1498 1552 1601 1625 acido

404 1676 701 1769 hydrochloric0,
734 1698 804 1750 nec
833 1698 933 1770 aqua
960 1676 1274 1768 hydrosullurata‚
1303 1699 1372 1750 nec
1391 1677 1602 1751 lano-ferri-

404 1809 562 1897 cyanato
593 1807 788 1896 coloretur,
825 1826 896 1877 nec
933 1805 1048 1896 baryo
1086 1805 1216 1878 nitrico
1253 1805 1433 1894 turbetur,
1472 1805 1600 1879 eadem

404 1932 593 2004 ammonia
612 1933 826 2006 abundante
845 1931 997 2024 limpida
1015 1937 1166 2006 maneat
1186 1936 1223 2006 et
1237 1931 1468 2024 hydrogenio
1489 1935 1564 2006 suls
1586 1977 1600 1988 -

403 2063 497 2151 rat0,
526 2061 564 2132 in
594 2081 753 2133 excessu
780 2059 917 2149 addito,
946 2059 1154 2132 sedimento
1181 2081 1281 2132 mere
1310 2061 1394 2132 albo
1421 2059 1599 2152 deposito,

403 2187 601 2261 filtratione
620 2187 801 2280 liquorem
820 2185 1007 2279 praebeat,
1038 2187 1100 2277 qui
1129 2187 1176 2259 ad
1206 2187 1347 2260 siccum
1376 2195 1599 2282 evaporatus

404 2317 441 2386 et
459 2313 597 2406 ignitus
617 2314 810 2387 residuum
828 2313 972 2387 nullum
981 2313 1164 2405 relinquit.

732 2507 947 2615 binoum
966 2505 1273 2645 oxydatum.
1328 2601 1332 2608 ,

860 2699 999 2777 Floras
1014 2699 1135 2777 zinci.

403 2860 505 2952 Rpe:
535 2856 646 2937 Natrii
667 2854 849 2935 sarbonici
870 2853 1104 2956 crystallisati
1258 2866 1466 2956 praeamata

1120 2991 1267 3058 trecento
1286 2992 1319 3059 et
1336 2987 1466 3085 oipinti
1524 2990 1598 3062 300

404 3112 508 3185 solve
526 3111 566 3184 in
728 3170 729 3174 a

537 3236 659 3340 Aquae
679 3237 886 3318 destinatae
927 3238 1118 3338 'promenda
1138 3239 1229 3311 mille
1248 3241 1464 3338 octiopentia
1499 3245 1597 3316 1800

510 3367 660 3460 Liquori
679 3368 814 3442 filtrato
845 3374 882 3442 et
910 3369 957 3442 ad
977 3368 1229 3440 ebullitionem
1260 3370 1439 3444 calefacto
1468 3370 1601 3444 instilla

403 3494 629 3568 solutionem
649 3516 694 3567 ex

538 3617 637 3697 biubi
656 3619 825 3699 ellinici
880 3620 1229 3718 praeteriebamus
1526 3625 1600 3697 300

538 3746 660 3850 Aquae
680 3747 894 3826 destitutae
947 3745 1119 3846 prommis
1138 3750 1319 3847 conparatis
1525 3754 1600 3825 900

404 3881 585 3969 paratam.

509 4003 750 4077 Instillatione
787 4009 939 4098 peracta
975 4003 1097 4097 liquor
1133 4004 1256 4077 adhuc
1295 4005 1455 4095 ebulliat,
1485 4007 1601 4080 donec
1753 4083 1754 4112 χ

400 4129 682 4225 praecipitatum
700 4131 801 4204 initio
830 4132 1078 4222 gelatinosum
1105 4129 1143 4204 in
1171 4133 1482 4224 pulverulentum,
1502 4133 1600 4207 facile

380 4307 382 4312 .
401 4259 562 4333 fundum
579 4263 723 4352 petens
742 4263 927 4333 mutatum
947 4259 1066 4332 luerit.

509 4386 670 4478 Liquore
695 4391 961 4477 supernatante
981 4385 1128 4477 defusa
1156 4387 1441 4480 praecipitatum
1469 4389 1602 4462 iteratis
1753 4469 1754 4480 χ

400 4513 543 4586 vicibus
564 4534 663 4606 aqua
677 4512 1073 4602 servidaedulcoretur,
1084 4535 1205 4607 usque
1217 4515 1307 4588 dum
1316 4516 1440 4608 liquor
1449 4516 1602 4588 filtratus

401 4641 516 4732 baryo
538 4641 669 4712 nitrico
689 4660 767 4713 non
786 4641 944 4732 amplius
955 4641 1136 4722 turbetur,
1157 4645 1235 4713 tum
1255 4643 1420 4735 perfecte
1441 4642 1603 4715 siccetur.
