3576 5454
680 578 728 586 -=
766 537 835 607 191
872 579 923 588 -

488 871 672 982 tlleum
696 873 1101 1016 Bergomottae.

306 1095 334 1166 E
353 1094 563 1188 pericarpio
589 1094 684 1168 Citra·
702 1097 912 1193 Barpamiae
932 1096 1109 1189 (Risso)
1130 1101 1326 1189 paratum,
1353 1099 1401 1170 sit

196 1221 402 1314 limpidum,
422 1221 549 1296 odoris
566 1221 653 1296 Citri
672 1225 817 1296 fructus
839 1223 979 1313 similis
998 1224 1144 1316 saporis
1165 1245 1252 1296 cum
1273 1224 1399 1317 aliqua

196 1347 369 1421 acredine
379 1351 733 1440 amaro-aromatici,
743 1351 922 1443 ponderis
943 1373 1044 1445 spec.
1062 1353 1192 1439 0·860,
1207 1352 1245 1424 in
1266 1351 1396 1444 spiritu

197 1475 273 1548 vini
293 1481 535 1550 concontrato
555 1477 726 1550 facillime
747 1483 783 1552 et
801 1478 951 1572 limpide
971 1479 1140 1552 solubile.

305 1602 445 1676 'Praetu
477 1605 656 1697 temporis
690 1627 858 1680 massam
891 1606 1156 1699 crystallinam,
1195 1605 1235 1677 in
1268 1604 1401 1697 spiritu

197 1729 272 1803 vini
292 1731 416 1804 minus
436 1730 636 1805 solubilem
655 1732 817 1826 deponit.

313 1856 531 1954 [loquentum
549 1865 718 1932 rosatum.

592 2321 780 2437 Oleum
807 2323 998 2432 Caeso.

621 2553 821 2656 Butyrum
845 2550 989 2632 Cacao.

308 2747 337 2819 E
358 2747 564 2821 seminibus
587 2746 814 2820 lbeobromae
833 2747 946 2820 Coeno
963 2747 1120 2840 (Linn.)
1141 2748 1272 2822 leniter
1291 2747 1400 2821 tostis

201 2880 238 2946 et
258 2873 505 2963 decorticatis
523 2874 764 2966 expressione
785 2874 907 2948 calida
924 2880 961 2947 et
976 2875 1174 2948 filtratione
1195 2876 1400 2948 obtentum.

310 3000 444 3075 Oleum
478 3001 611 3092 Caoao,
645 3001 910 3075 consistentiae
950 3003 1042 3092 sebi,
1077 3003 1127 3076 sit
1165 3024 1184 3075 e
1229 3004 1399 3075 subflavo

202 3130 346 3222 album,
403 3129 531 3202 odoris
583 3129 678 3220 grati
730 3128 884 3202 seminis
925 3129 1060 3218 Cacao,
1098 3129 1245 3222 saporis
1284 3128 1397 3216 mitis,

203 3261 455 3349 temperatura
474 3260 657 3329 consueta
675 3255 815 3348 fragile,
840 3255 914 3328 leni
934 3257 1057 3329 calore
1079 3257 1298 3349 (ao-350)
1319 3256 1399 3329 sine

202 3383 412 3456 sedimento
428 3383 652 3476 liquescens
672 3382 715 3455 In
736 3382 897 3456 aetheris
916 3384 1036 3457 tribus
1056 3384 1228 3476 partibus
1248 3383 1399 3476 limpide

202 3509 487 3604 solvatur,quae
500 3509 636 3583 solutio
650 3511 764 3583 etiam
777 3509 932 3602 limpida
945 3516 1107 3583 maneat
1120 3509 1215 3582 Cum
1229 3509 1397 3583 miscella

200 3658 221 3710 e
255 3637 401 3710 duabus
428 3637 596 3730 partibus
617 3659 738 3731 aquae
769 3643 805 3711 et
829 3642 934 3730 parte
967 3658 1045 3710 una
1073 3636 1286 3710 ammoniae
1306 3659 1395 3710 con·

201 3769 438 3857 quassatum,
458 3765 614 3837 fluidum
633 3765 795 3838 lacteum
814 3785 862 3836 ne
880 3764 1071 3857 praebeat.

552 4231 735 4340 (ileum
761 4232 1027 4340 oudinum.

310 4457 339 4530 Ε
358 4457 459 4549 ligno
478 4454 646 4551 Juniperi
664 4455 835 4552 Oeyeedri
854 4455 1016 4552 (Linn.)
1034 4455 1282 4529 destillatione
1298 4454 1398 4530 sicca

201 4586 396 4657 obtentum
425 4585 551 4657 oleum
578 4583 955 4676 empyreumaticum;
986 4581 1035 4654 sit
1054 4582 1214 4654 obscure
1235 4582 1395 4668 fuscum,

202 4711 500 4802 spissiuseulum,
519 4710 611 4802 picis
630 4709 794 4802 liquidae
813 4709 942 4783 simile
