3576 5454
904 560 1147 632 -260-

533 777 627 850 Cum
656 777 804 869 aequali
823 777 988 869 pondere
1009 776 1160 869 spiritus
1180 773 1255 847 vini
1275 773 1504 846 concentrati
1524 772 1623 845 solu·

423 907 567 978 tionem
585 903 774 996 praebeat,
794 927 889 996 quae
905 904 1042 978 filtrata
1056 907 1092 976 et
1107 907 1308 994 evaporata
1321 922 1489 974 massam
1503 899 1623 972 susco-

425 1031 705 1118 flavescentem,
734 1017 970 1123 pellucidam,
998 1031 1037 1102 in
1066 1031 1216 1104 aethere
1245 1029 1399 1121 limpide
1429 1027 1623 1102 solubilem

421 1158 617 1250 relinquat.

533 1286 750 1378 Antequam
761 1285 996 1374 adhibeatur,
1012 1285 1051 1358 in
1064 1283 1230 1376 pondere
1242 1304 1313 1357 suo
1328 1283 1482 1356 dimidio
1493 1283 1621 1355 benzol

421 1413 579 1502 solutus
599 1412 774 1486 filtrando
796 1417 833 1485 et
852 1412 1091 1505 evaporando
1112 1412 1352 1504 depurandus
1374 1415 1442 1483 est.

744 1696 944 1808 Suocus
969 1697 1305 1839 hiquiritiac.

532 1904 749 1978 Extractum
770 1926 789 1975 e
808 1904 932 1977 radice
947 1903 1162 1996 Liquiritiae
1182 1903 1304 1976 scissa
1323 1903 1520 1995 coquendo
1540 1925 1621 1976 cum

421 2051 530 2119 aqua,
565 2031 808 2123 exprimendo
843 2036 879 2103 et
912 2031 1150 2122 evaporando
1180 2035 1362 2123 paratum,
1401 2031 1558 2104 occurrit
1583 2031 1621 2104 in

421 2157 565 2230 bacillis
586 2158 813 2249 cylindriciS,
842 2158 988 2231 circiter
1014 2158 1227 2249 quindecim
1250 2158 1468 2230 centimetra
1485 2158 1619 2250 longisi

419 2305 536 2358 unum
557 2291 594 2358 et
612 2286 805 2359 dimidium
837 2285 885 2357 ad
915 2285 990 2357 duo
1011 2285 1228 2358 centimetra
1256 2285 1406 2372 crassis
1427 2285 1618 2378 superficie

418 2411 598 2501 laevibuS‚
616 2413 744 2504 nigris
765 2412 880 2502 duris,
901 2413 969 2486 sed
985 2413 1108 2486 calore
1124 2412 1440 2502 mollescentihuS,
1461 2414 1619 2486 fractura

417 2539 491 2612 late
514 2540 718 2632 conchatis,
731 2541 946 2628 nitentibus
962 2539 1000 2612 in
1016 2540 1232 2632 fragmentis
1247 2540 1423 2614 tenuibus
1439 2540 1618 2633 semi-pel·

417 2667 561 2760 lucidis,
576 2668 702 2757 fuscia,
718 2669 845 2741 odoris
859 2666 1069 2760 peculiaris
1088 2667 1233 2759 saporis
1249 2668 1412 2741 suaviter
1424 2667 1616 2760 perdulcis.

525 2793 655 2869 Partes
681 2799 831 2868 centurn
857 2795 1002 2882 mercis
1031 2816 1130 2886 aqua
1159 2793 1281 2867 calore
1312 2795 1386 2868 50⁰
1414 2815 1491 2866 non
1510 2815 1615 2887 supe-

417 2925 523 2994 rante
540 2922 756 3010 exhaustae,
775 2943 823 2992 ne
847 2921 1058 3013 relinquant
1076 2921 1162 3014 plus
1183 2943 1296 3013 quam
1317 2921 1443 3014 viginti
1458 2922 1615 3014 quinque

416 3053 553 3141 partes,
583 3048 637 3120 Ne
659 3048 708 3122 sit
725 3049 920 3140 inquinata
939 3049 1059 3123 farina
1078 3051 1287 3139 cerealium,
1307 3050 1431 3141 amylo
1451 3055 1516 3123 aut
1535 3050 1614 3122 dex·

421 3176 529 3264 trino,
551 3176 806 3269 exploratione
822 3176 1091 3268 microscopica
1104 3176 1210 3250 facile
1227 3177 1503 3270 dignoscendis.

524 3302 583 3375 Ad
599 3323 712 3376 usum
726 3303 1070 3396 pharmaceuticum
1085 3299 1220 3380 Soccus
1234 3301 1445 3406 liquirltlce
1461 3301 1612 3407 depura-

420 3431 493 3525 tus,
516 3451 535 3502 e
565 3430 687 3503 venali
715 3431 898 3504 solvendo
918 3433 956 3504 in
984 3452 1083 3524 aqua
1111 3432 1253 3526 frigida,
1281 3433 1456 3507 filtrando
1477 3439 1514 3507 et
1533 3456 1610 3506 eva·

419 3557 589 3650 porando
608 3563 866 3650 praeparatus
887 3559 1119 3634 adhibeatur.

523 3683 637 3757 Pacta
665 3683 885 3781 quuiritc'aa
899 3687 1004 3782 flava.

731 3970 915 4080 Sullur
953 3971 1297 4116 depuratum.

801 4163 942 4244 Floras
962 4164 1124 4244 sulfuris
1147 4168 1229 4246 loti.

414 4320 513 4414 Rpe:
549 4315 707 4397 Sulluris
726 4316 911 4399 sublimi
966 4331 1170 4422 prammata
1190 4333 1325 4398 centum
1541 4329 1607 4400 100

414 4452 562 4520 contere
582 4467 667 4520 cum

549 4569 672 4674 Aque
693 4572 904 4655 dostlllatno
958 4583 1130 4676 promocio
1148 4583 1373 4680 septuopinta
1564 4585 1606 4656 70

550 4698 754 4780 luntatis
808 4705 982 4802 prammis
1001 4706 1121 4781 decem.
1565 4715 1605 4786 10
