3574 5454
880 541 1117 613 -148-

508 757 618 850 Aqua
637 757 714 829 sive
735 758 884 850 spiritus
904 760 980 830 vini
996 760 1211 850 quassando
1228 759 1318 830 nihil
1333 758 1414 850 ejus
1429 759 1595 843 solvuul;

400 885 561 976 liquores
591 884 716 956 filtrali
746 904 846 975 aqua
875 885 1179 977 hydrosulfurala
1197 887 1256 958 vel
1282 888 1436 976 argente
1466 885 1594 957 uitrico

400 1011 460 1083 vix
479 1011 687 1085 turbentur.

437 1341 1109 1476 Hydraraurum
1146 1336 1559 1450 Memora-

629 1509 804 1613 mm
841 1501 1377 1615 corrosivam.

618 1728 846 1808 Mercurius
870 1730 1107 1808 sublimatus
1131 1729 1372 1808 corrosivue

508 1923 633 1995 Massa
648 1922 873 2014 crystallina,
886 1922 983 2010 alba,
998 1924 1220 2014 ponderosa,
1237 1923 1437 2016 diaphana‚
1452 1924 1596 2015 saporis

400 2033 603 2123 admodum
623 2050 808 2137 metallici,
830 2073 929 2142 aqua
948 2051 1102 2138 fervida,
1122 2050 1255 2142 spiritu
1281 2049 1357 2122 viui
1382 2055 1418 2122 el
1447 2050 1594 2122 aethere

399 2178 516 2266 facile,
543 2199 643 2268 aqua
662 2177 794 2268 frigida
820 2177 1005 2249 difficilius
1025 2179 1192 2250 solvitur.
1214 2176 1255 2250 ln
1275 2178 1364 2250 lube
1384 2177 1595 2270 probatorio

403 2304 581 2377 calefacta
600 2304 771 2396 liquescit
790 2311 827 2376 et
847 2326 891 2377 ex
910 2304 1056 2396 integro
1076 2304 1263 2378 sublimat.

508 2430 651 2504 Solutio
668 2454 822 2524 aquosa,
844 2432 1045 2505 reeclionis
1062 2433 1202 2520 acidae,
1219 2455 1304 2505 eum
1318 2432 1441 2505 uatrio
1458 2433 1593 2524 hydro·

403 2560 565 2651 oxydalo
618 2560 741 2633 soluto
789 2560 1038 2633 sedimentum
1084 2561 1223 2632 flavum
1271 2559 1440 2648 demittit,
1491 2560 1596 2633 acido

399 2686 531 2759 uitrico
567 2687 764 2776 acidulala,
799 2691 953 2779 argento
983 2687 1114 2759 uitrico
1144 2686 1283 2775 additu,
1312 2687 1596 2780 praecipitatum

399 2813 525 2886 album
549 2813 669 2886 efficii.

506 2941 650 3015 Solulio
663 2963 818 3033 aquosa,
827 2943 1060 3034 hydrogenio
1072 2943 1253 3017 sulfurato
1266 2947 1444 3030 saturata,
1455 2941 1595 3034 praeei-

395 3070 553 3162 piletum
568 3070 717 3161 nigrum
731 3069 892 3161 deponit,
903 3069 1003 3162 quod
1019 3071 1247 3161 aqualolum
1258 3075 1294 3142 et
1305 3091 1390 3142 cum
1406 3069 1596 3141 ammonia

397 3197 545 3288 aequali
555 3196 745 3268 volumine
754 3197 977 3289 aquadiluta
989 3202 1220 3288 quassatum,
1229 3196 1412 3287 liquorem
1423 3195 1595 3268 filtraudo

396 3323 586 3415 praebeat,
602 3322 667 3415 qui
684 3323 790 3395 acido
806 3323 1091 3414 hydroehlorieo
1108 3323 1329 3412 aeidulaluS,
1346 3323 1596 3396 sedimenlum

399 3453 547 3541 llavurn,
565 3472 610 3523 ex
626 3451 795 3523 arsenieo
812 3451 994 3523 sulfurato
1006 3453 1267 3544 compositum,
1281 3452 1338 3522 vel
1355 3451 1483 3523 addila
1498 3472 1596 3542 aqua

396 3578 699 3670 hydrosulsurala
718 3599 764 3650 ne
786 3577 966 3650 demittat.

398 3907 1076 4042 mammarum
1130 3905 1596 4040 modulum

804 4071 1181 4179 rubrum.

676 4277 1046 4378 Deuiojoduretum
1070 4277 1318 4380 hydrargyri.

395 4455 491 4546 ilpe:
522 4451 744 4552 llyelrargyri
765 4450 963 4530 lieilerali
984 4451 1159 4529 eurrusirl

937 4587 1139 4677 yrummatu
1159 4582 1398 4678 quudruyiniu
1543 4583 1594 4655 40

395 4709 499 4782 solve
520 4709 557 4782 irr
