3574 5454
677 571 921 644 -119-
1035 517 1038 526 ’

543 784 696 892 llolia
724 785 1043 893 llosmarini.

307 1041 545 1119 Rosmcria'us
584 1045 771 1142 officinalis
808 1046 969 1135 Lina,
1013 1047 1135 1118 frutex
1173 1046 1213 1118 in
1246 1046 1399 1140 Europa

197 1174 352 1246 australi
366 1173 577 1265 indigenas
595 1173 695 1267 apud
711 1193 784 1245 nos
803 1194 882 1245 non
900 1194 986 1245 raro
1008 1174 1142 1246 cultus.
1166 1171 1343 1246 Labiolue.

305 1334 411 1409 Folia
439 1337 586 1410 sessilia
612 1337 752 1410 siccata
776 1337 941 1424 linearia,
973 1337 1214 1427 subacerosa,
1249 1338 1397 1426 obtusa,

200 1465 365 1556 margine
384 1464 621 1556 integerrimo
641 1466 827 1554 revoluta,
855 1485 1019 1557 superne
1049 1486 1226 1554 convexa,
1257 1465 1398 1556 glabra.

198 1592 321 1665 medio
338 1591 494 1678 sulcata,
504 1590 631 1681 nitida,
639 1593 778 1681 viridia,
791 1613 943 1684 rugosa,
953 1595 1084 1666 subtus
1096 1614 1273 1681 concava,
1283 1613 1398 1665 nervo

198 1718 374 1813 primario
393 1719 639 1812 prominente,
661 1720 824 1792 albo-vel
843 1720 1209 1810 griseo-tomentosa,
1235 1719 1318 1811 pilis
1337 1741 1396 1791 ra-

199 1848 315 1920 mosis
336 1851 374 1919 et
392 1847 580 1938 glandulis
602 1847 772 1934 oleiloris,
799 1869 938 1934 crassa,
966 1847 1094 1939 rigida,
1116 1846 1241 1919 odoris
1262 1846 1398 1938 gravis

201 1975 405 2063 aromatici,
434 1974 706 2067 camphoracei,
736 1975 883 2066 saporis
914 1974 1123 2063 aromatici,
1153 1973 1260 2061 acris,
1295 1995 1397 2047 ama·

200 2102 361 2175 riusculi.

311 2245 480 2342 Spiritus.
509 2231 649 2320 Acelum
665 2249 908 2342 aromaticum.

595 2737 745 2857 llolia
771 2747 1006 2857 Salviae.

308 3013 429 3086 Salvia
449 3010 635 3108 officinalis
667 3009 798 3096 Linn,
819 3009 949 3101 planta
977 3009 1264 3099 mediterranea,
1295 3007 1395 3100 apud

199 3165 270 3216 nos
291 3142 329 3215 in
348 3141 468 3215 hortis
488 3140 703 3232 frequenter
723 3137 832 3210 culta.
854 3135 1033 3209 Lohr’otoe.

307 3304 410 3378 Folia
428 3303 615 3396 petiolata,
636 3301 713 3374 ima
727 3301 837 3391 longe
854 3300 1041 3392 petiolata,
1063 3299 1234 3390 oblonga,
1250 3299 1398 3370 lanceo-

198 3434 275 3506 lata
311 3434 371 3505 vel
404 3432 536 3518 oralia,
580 3428 742 3520 quinque
773 3428 821 3499 ad
856 3432 1002 3519 septem
1028 3427 1247 3499 centimetra
1275 3427 1398 3516 longa,

199 3564 310 3633 acuta
330 3560 387 3633 vel
408 3560 554 3646 obtusa,
584 3556 666 3628 basi
696 3561 901 3644 attenuata,
931 3554 1135 3626 rotundata
1162 3558 1227 3626 aut
1247 3552 1398 3624 subcor·

199 3687 299 3776 data,
333 3685 478 3778 passim
512 3683 729 3772 auriculam,
763 3682 931 3774 margine
965 3682 1167 3768 crenulata,
1202 3678 1398 3770 superficie

199 3814 404 3906 acqualiter
450 3811 623 3885 minutim
661 3831 971 3908 venoso-rugosa,
1012 3809 1113 3880 albo·
1154 3813 1219 3880 aut
1256 3807 1397 3898 griseo·

198 3944 420 4028 tomentosa,
448 3940 508 4012 vel
536 3959 698 4031 superne
719 3938 932 4030 subglabra,
954 3937 1087 4009 subtus
1116 3936 1399 4028 griseo-tomen-

198 4073 296 4156 tosa,
336 4067 601 4154 crassitscula
641 4065 765 4137 odoris
805 4064 1007 4151 balsamici,
1052 4060 1399 4155 subcamphoracci,

201 4195 348 4288 saporis
369 4193 708 4266 amaro-aromatici
729 4197 765 4264 et
785 4192 1064 4284 adstringentis

308 4322 386 4395 Sub
402 4323 537 4394 florum
553 4319 702 4392 anthcsi
718 4319 927 4410 ¹colligenda
943 4323 979 4391 et
990 4319 1129 4390 siccata
1139 4317 1398 4396 adhibeantur,

309 4487 426 4582 Aqua.
449 4486 589 4556 Acelum
609 4484 846 4555 aromaticum.
869 4463 974 4578 Aqua
989 4483 1180 4555 cromatica
1195 4480 1396 4574 spiritunon.

200 4613 437 4688 Electooriam
463 4611 701 4684 oroorale'cuor.
729 4610 853 4684 Puluis
882 4608 1102 4702 derttifricius
1127 4608 1234 4704 niger.
1266 4604 1399 4701 Specr'es

199 4741 420 4814 aromaticae.
