3502 5454
643 527 855 602 ...95-

151 771 218 822 sus
243 748 434 840 deflagrat,
468 747 662 820 flammam
693 748 808 820 edens
839 747 986 835 flavam,
1019 745 1190 832 lucidam,
1226 744 1347 836 fuligi-

150 897 297 965 nosam,
317 877 466 949 residuo
487 876 589 948 nullo
610 875 748 948 relicto.

261 1002 404 1092 Quodsi
432 1003 607 1076 solutioni
638 1003 725 1076 ferri
745 1002 914 1076 sulfurici
934 1001 1216 1093 superfunditur
1236 1001 1349 1093 Amy·

151 1130 240 1202 lium
250 1131 444 1220 nitrosum,
455 1131 559 1203 brevi
573 1134 743 1223 tempore
761 1151 805 1204 eo
821 1131 946 1224 plano,
959 1151 1034 1222 quo
1052 1130 1167 1202 ambo
1185 1129 1350 1221 liquores

151 1255 247 1330 inter
266 1279 307 1330 se
327 1256 555 1349 contingunt,
577 1257 679 1330 color
696 1257 826 1330 fuscus
844 1256 1024 1330 nascitur.
1139 1331 1142 1340 Δ

261 1386 315 1458 Sit
350 1385 547 1459 reactionis
567 1386 736 1458 neutrius
775 1391 839 1458 aut
878 1385 925 1458 ad
945 1405 1136 1457 summum
1170 1382 1350 1456 acidulae.

154 1510 297 1600 Quodsi
315 1512 450 1604 Amylii
473 1513 604 1586 nitrosi
629 1514 807 1587 volumen
833 1534 963 1602 unum,
994 1533 1080 1585 cum
1100 1509 1352 1584 voluminibus

152 1639 270 1713 tribus
304 1641 486 1714 mixturae
516 1663 560 1714 ex
604 1641 823 1734 aequalibus
863 1639 1033 1732 partibus
1067 1638 1277 1712 ammoniae
1317 1642 1354 1710 et

154 1767 286 1860 spiritu
304 1767 380 1840 vini
400 1768 586 1857 absoluto,
613 1767 761 1860 adJecta
786 1768 921 1861 exigua
939 1771 1045 1860 parte
1066 1765 1209 1859 argenti
1235 1764 1353 1838 nitrici

155 1895 277 1985 soluti,
288 1895 419 1968 leniter
432 1895 564 1984 calefit,
574 1917 621 1968 ne
634 1895 797 1968 colorem
807 1895 958 1969 luscum
967 1915 1062 1968 neve
1073 1894 1221 1985 nigrum
1232 1893 1353 1966 ducat.

265 2023 565 2115 Conquassando
592 2023 769 2116 aequales
808 2029 935 2116 partes
973 2021 1109 2113 Amylii
1147 2020 1281 2093 nitrosi
1318 2025 1355 2094 et

156 2172 279 2242 aquae
300 2151 508 2225 destillatae
527 2150 706 2224 volumen
725 2151 877 2224 alterius
897 2150 958 2223 vix
979 2155 1172 2241 augeatur.

264 2277 440 2351 Servetur
468 2301 491 2351 a
514 2280 598 2351 luce
618 2283 816 2369 remotum,
844 2278 882 2351 in
910 2277 1013 2351 vasis
1032 2278 1128 2350 bene
1148 2276 1298 2349 siccatis
1320 2281 1356 2347 et

157 2404 308 2479 clausis.

475 2619 717 2762 Amylum
743 2620 1048 2737 Marautac.

619 2794 884 2875 Arrow-root

266 2931 438 3005 Maronia
458 2934 697 3006 orandiaarca
717 2935 851 3026 Lina,
872 2935 1001 3026 planta
1020 2934 1059 3006 iu
1084 2932 1219 3005 insulis
1239 2931 1355 3004 Antil-

157 3057 254 3130 lanis
283 3063 505 3151 spontanea,
536 3061 574 3133 in
594 3061 764 3155 pluribus
785 3061 896 3134 terris
915 3060 1068 3152 tropicis
1090 3061 1200 3148 culta,
1226 3058 1356 3130 forsan

158 3185 272 3257 etiam
292 3185 385 3258 aliae
404 3184 595 3258 Morantur
614 3187 770 3280 species.
791 3186 1041 3260 Maraatoceac.

266 3313 452 3405 Amylum,
487 3336 506 3388 e
539 3313 744 3388 rhizomate
779 3315 959 3387 tuberoso
989 3318 1220 3406 separatum,
1257 3312 1359 3384 sistit

157 3441 352 3534 pulverem
372 3442 622 3530 albissimum,
644 3462 816 3535 opacum,
836 3442 1137 3530 subtilissimum,
1158 3441 1358 3513 inodorum

157 3568 458 3662 insipidumque‚
526 3570 779 3663 compositum
826 3590 846 3641 e
894 3569 1061 3660 granulis
1110 3567 1357 3662 simplicibus

158 3696 381 3789 plerumque
407 3697 541 3786 ovatis,
562 3695 874 3789 subcompressiS,
895 3695 1077 3769 diametro
1097 3693 1359 3786 longitudiuali

158 3823 627 3914 0·0au-0·054milli1n.,
647 3823 774 3896 stratis
793 3823 1004 3897 tenerrimis
1024 3821 1244 3896 excentricis
1265 3825 1302 3893 et
1320 3819 1359 3892 in

157 3951 309 4042 regione
330 3951 504 4024 diametri
523 3951 731 4024 transversi
750 3950 896 4024 latioris
911 3951 1045 4024 nucleo
1067 3949 1179 4039 claro,
1202 3949 1361 4042 paulum

158 4078 370 4152 excentrico
390 4083 456 4151 aut
473 4078 611 4151 rimula
630 4083 851 4152 transversa
868 4078 1018 4151 notatis,

269 4206 366 4279 Cave
408 4227 455 4278 ne
498 4207 547 4280 sit
585 4207 841 4279 adulteratum
874 4207 1010 4298 Amylo
1037 4203 1169 4297 Tritici,
1213 4203 1358 4302 Oryzae,

157 4333 296 4408 Maidis
331 4338 397 4405 aut
430 4333 556 4406 Solani
588 4331 758 4427 tuberosi,
802 4353 895 4406 neve
929 4333 1151 4406 adhibeatur
1184 4333 1360 4424 Amylum

157 4462 318 4535 aliarum
336 4462 549 4554 plantarum
574 4462 645 4536 sub
676 4462 810 4534 eodem
827 4460 981 4534 nomine
1018 4460 1287 4548 „Arrow-root“
1324 4461 1362 4532 in

156 4595 372 4662 mercatura
405 4610 627 4679 occurrenS‚
667 4594 709 4661 ut
736 4588 904 4686 Ampium
944 4585 1149 4680 Carmaniae,
1191 4587 1361 4683 Ampium

156 4716 257 4812 Suqi,
280 4715 445 4813 Aruylam
464 4716 631 4808 Manthot,
656 4716 820 4813 Aruylutn
840 4715 998 4788 Bulotus.
