3576 5454
530 965 858 1075 Saccbarum
877 965 1071 1073 baetis.

312 1245 539 1318 Saccharum
574 1245 707 1332 Laetis
751 1267 770 1316 e
800 1265 884 1315 sero
913 1244 1019 1315 lactis
1049 1241 1189 1314 vaccini
1217 1246 1398 1332 paratum,

201 1379 347 1468 prostat
374 1375 411 1445 in
435 1372 572 1444 tabulis
602 1377 667 1444 aut
695 1371 829 1444 crustis
859 1369 1091 1460 crystallinis
1117 1369 1338 1460 plerumque
1363 1368 1400 1438 in

202 1501 346 1573 baculis
362 1499 581 1591 cylindriciS,
593 1499 696 1591 apice
711 1497 860 1587 conicis,
872 1496 920 1568 ad
935 1518 1001 1569 sex
1018 1494 1235 1568 centimetra
1250 1496 1399 1584 crassis,

201 1627 313 1718 duris
335 1649 354 1699 e
375 1626 560 1718 crystallis
581 1625 797 1718 compositis
819 1624 972 1716 grossis,
991 1623 1226 1716 prismaticis
1257 1623 1399 1713 albidis,

200 1753 480 1847 subpellucidis
519 1752 696 1840 inodoriS,
731 1752 877 1844 saporis
913 1751 1112 1839 subdulcia
1140 1750 1236 1822 inter
1266 1751 1398 1822 dentes

201 1881 455 1970 stridentibus
493 1879 665 1952 radiatim
703 1879 912 1972 aggregatis
951 1882 988 1950 et
1017 1876 1168 1966 coalitis
1206 1878 1399 1968 pulverem

198 2007 467 2100 praebentibus
487 2007 622 2096 album,
662 2007 725 2099 qui
753 2006 910 2079 solvitur
938 2004 1036 2077 lente
1065 2003 1103 2076 in
1132 2024 1230 2096 aqua
1258 2003 1397 2096 frigida,

200 2135 372 2207 facillime
393 2135 430 2206 in
450 2155 550 2226 aqua
568 2133 720 2206 fervida.

308 2261 536 2334 Saccharurn
551 2261 672 2334 Laetis
693 2259 818 2333 odoris
837 2260 979 2332 rancidi
999 2264 1036 2332 et
1055 2259 1190 2332 coloris
1210 2259 1295 2331 flavi
1313 2258 1396 2350 reji-

199 2390 327 2462 ciatur.
1016 2375 1022 2398 '

517 2839 1078 2954 §antummum

311 3098 485 3191 Crystalli
504 3097 796 3172 tabulaeformes
817 3099 877 3171 vel
895 3098 1065 3171 lamellae
1077 3121 1314 3190 squamosas,
1335 3098 1397 3170 de·

198 3227 356 3318 colores,
371 3225 517 3317 saporis
531 3227 658 3313 amari,
669 3226 761 3298 lucis
772 3227 915 3298 influxu
926 3227 1182 3314 flavescentes
1200 3227 1398 3298 calefactae

198 3352 410 3444 liquescunt
445 3353 530 3444 (sub
551 3358 802 3444 temperatura
827 3355 944 3444 1700)
966 3358 1101 3426 etium
1129 3354 1264 3445 partim
1284 3352 1396 3425 subli=

197 3484 311 3567 mant,
328 3480 463 3571 partim
483 3481 816 3572 decomponuntur.

308 3605 556 3679 Santoninum
575 3607 612 3679 in
633 3629 732 3700 aqua
750 3608 882 3700 frigida
910 3607 1060 3681 nonnisi
1083 3629 1226 3697 parum,
1257 3608 1399 3680 fervida

199 3731 345 3804 difficile
366 3732 531 3806 solvitur.
553 3734 709 3825 Spiritus
721 3736 795 3807 vini
815 3735 933 3826 frigidi
952 3735 1350 3826 partesd3,bullieutis
1365 3735 1396 3824 3,

198 3859 360 3931 aetheris
371 3865 498 3951 partes
512 3861 571 3950 rb,
586 3859 835 3934 chloroformii
855 3866 984 3954 partes
1000 3863 1036 3951 4,
1053 3862 1241 3933 santonini
1252 3866 1396 3953 partem

198 4005 313 4058 unam
333 3986 496 4060 solvunt.

307 4113 450 4186 Salutio
470 4115 680 4207 spirituosa,
703 4116 828 4188 addita
844 4116 941 4188 kalio
956 4116 1240 4207 hydreexydato
1261 4117 1395 4205 solut0,

198 4241 321 4313 colore
343 4243 514 4314 coccineo
553 4243 693 4315 sensim
724 4249 940 4316 transeunte
979 4243 1140 4335 tingitur.
1172 4243 1265 4317 Cum
1301 4244 1396 4316 alca-

197 4367 296 4439 libus
317 4373 353 4440 et
373 4368 530 4442 calearia
547 4371 793 4443 Santeninam
813 4369 1095 4461 conjunctiones
1115 4371 1151 4441 in
1172 4393 1271 4464 aqua
1292 4371 1396 4444 facile

197 4493 376 4566 solubiles
395 4495 472 4567 init.

308 4619 555 4697 Santoninum
584 4624 621 4695 in
650 4631 799 4697 centum
827 4625 996 4716 partibus
1027 4647 1146 4716 aquae
1167 4630 1203 4698 et
1232 4627 1394 4718 quinque

196 4747 365 4840 partibus
386 4749 480 4821 acidi
514 4751 678 4822 sulfurici
721 4750 825 4823 diluti
868 4756 1014 4823 coctum
1058 4757 1093 4822 et
1136 4752 1394 4844 refrigeratum
