3576 5454
881 539 1120 613 -184-

592 893 593 896 Ν
700 751 943 862 Natrium
971 754 1291 862 bromatum.

509 975 638 1049 Pulvis
665 977 915 1069 crystallinus
941 977 1062 1068 albus,
1088 979 1127 1050 in
1155 984 1241 1050 ae‘re
1266 977 1365 1050 sicco
1384 975 1598 1068 persistens,
1642 949 1650 971 ⁸

403 1105 440 1177 in
462 1126 563 1196 aqua
581 1125 650 1177 nec
669 1125 748 1178 non
772 1105 810 1177 in
838 1105 970 1198 spiritu
988 1106 1064 1178 vini
1083 1105 1189 1179 facile
1209 1105 1389 1192 solubilis,
1409 1104 1598 1176 flammam

403 1233 528 1304 colore
547 1232 645 1303 flavo
666 1231 790 1306 inficit.

512 1360 656 1433 Solutio
694 1381 849 1453 aquosa,
888 1361 1086 1434 reactionis
1124 1361 1307 1451 neutrius,
1338 1360 1465 1433 addita
1502 1381 1599 1451 aqua

406 1487 523 1560 chlori
553 1488 716 1560 colorem
740 1488 861 1561 induit
892 1490 1005 1562 rubro
1025 1490 1176 1577 ssavum,
1211 1490 1274 1581 qui
1308 1485 1597 1580 conquassando

403 1636 489 1687 cum
524 1616 638 1706 guttis
671 1615 815 1709 aliquot
848 1617 1098 1690 chloroformii
1126 1617 1164 1689 in
1202 1616 1274 1690 hoc
1302 1616 1448 1707 migrat,
1474 1614 1599 1687 relicta

403 1741 589 1816 solutione
611 1765 757 1836 aquosa
776 1743 959 1816 decolore.

510 1869 638 1943 Pulvis
658 1871 696 1942 in
715 1870 843 1944 tabula
861 1871 1098 1965 porcellanea
1117 1872 1203 1944 alba
1223 1871 1417 1965 dispersus
1438 1877 1474 1943 et
1494 1869 1598 1942 acido

404 1997 581 2071 sulfurico
616 1998 731 2072 diluto
765 1998 1007 2072 humectatus
1035 2019 1082 2071 ne
1113 1999 1239 2071 statim
1267 1999 1429 2071 colorem
1462 1997 1600 2070 ssavum

403 2123 538 2196 trahat.

514 2251 657 2326 Solutio
692 2275 837 2346 aquosa
864 2276 950 2326 cum
981 2255 1123 2348 aliquot
1148 2255 1262 2347 guttis
1291 2253 1487 2327 solutionis
1515 2253 1599 2325 ferri

404 2379 691 2470 sesquichlorati
720 2382 837 2454 mixta
865 2387 901 2455 et
926 2403 1012 2456 cum
1041 2383 1303 2457 chloroformio
1339 2384 1600 2473 conquassate,

405 2504 493 2578 huic
513 2506 676 2580 colorem
709 2508 917 2583 violaceum
950 2531 998 2584 ne
1032 2511 1180 2584 tribuat.
1215 2510 1356 2582 Eadem
1395 2529 1465 2581 nec
1504 2529 1600 2600 aqua

406 2632 719 2726 hydrosulfnrata,
746 2656 815 2708 nec
848 2638 1038 2711 ammonio
1071 2637 1255 2710 sulfurato
1283 2641 1458 2725 mutetur,
1486 2636 1600 2727 baryo

404 2759 535 2831 nitrico
554 2759 615 2832 vix
634 2764 814 2836 turbetur.

352 2929 354 2934 ·
494 2887 544 2958 >N
548 2888 631 2960 atrii
651 2890 813 2962 bromati
833 2891 1006 2965 exsiccati
1026 2892 1322 2985 decigrammate
1341 2893 1417 2965 duo
1442 2891 1481 2964 in
1506 2911 1602 2982 aque

406 3014 594 3089 destillata
613 3018 748 3107 soluta,
770 3017 897 3090 addito
918 3019 1083 3110 pauxillo
1103 3021 1191 3094 kalii
1211 3020 1400 3109 chromici‚
1420 3039 1490 3092 nee
1509 3018 1602 3091 infra

308 3161 315 3171 ·
405 3141 638 3236 undeviginti
671 3144 887 3219 centimetra
921 3145 1052 3218 cubica
1081 3147 1280 3221 solutionis
1309 3146 1452 3239 argenti
1486 3144 1602 3218 nitrici

385 3269 637 3344 ¹volumetrici
668 3293 737 3346 nee
761 3273 859 3345 ultra
888 3273 1117 3367 undeviginti
1137 3279 1174 3348 et
1192 3279 1338 3368 septem
1357 3273 1522 3347 decimas
1547 3271 1601 3344 CC

404 3402 532 3489 partes
564 3400 793 3491 (19-19·7
817 3399 889 3492 CC)
918 3410 1156 3493 consumant,
1197 3403 1315 3476 donec
1343 3401 1602 3495 pracipitatum

404 3524 572 3613 rubrum,
591 3526 852 3618 permiscendo
879 3549 956 3601 non
982 3529 1143 3623 amplius
1170 3550 1415 3620 evanescens
1437 3527 1601 3621 adparet.

687 3849 730 3956 N
733 3851 934 3958 atrium
961 3851 1326 3961 carbonioum.

516 4071 689 4164 Crystalli
704 4072 997 4164 rhomboidaleS,
1019 4074 1223 4166 decolores,
1243 4083 1329 4150 aere
1350 4077 1421 4150 cito
1435 4075 1603 4148 fatiscen-

407 4205 477 4289 tes,
517 4221 617 4292 aqua
654 4200 760 4274 facile
795 4201 985 4291 solubiles,
1019 4203 1221 4276 reactionis
1261 4203 1454 4276 alcalinae.
1489 4202 1603 4275 Acido

408 4326 588 4400 sulfurico
623 4327 740 4401 diluto
779 4327 1043 4418 effervescunt,
1076 4330 1250 4403 flammae
1289 4331 1470 4404 advectae
1508 4329 1603 4402 hane

408 4456 531 4529 colore
551 4453 648 4526 flavo
668 4452 846 4528 inficiunt.

517 4580 660 4654 Solutio
685 4602 841 4673 aquosa,
868 4583 975 4656 acido
1000 4581 1285 4675 hydrochlorico
1311 4589 1603 4677 supersalurata,

408 4726 476 4778 nec
502 4709 658 4781 odorem
687 4709 789 4799 gasis
814 4708 1106 4801 hydrosulsurati
1133 4717 1198 4785 aut
1233 4713 1409 4786 sullurosi
1443 4717 1604 4806 spargat,
