3574 5454
670 511 916 584 -139—

412 722 597 832 llcrba
623 724 901 833 Centaurii
927 723 1167 833 minoris·

297 944 494 1041 Erythraea
520 945 749 1022 Cantauriani
769 950 1000 1040 Persoon,
1030 947 1159 1040 planta
1183 948 1330 1021 biennis
1351 950 1388 1022 in

189 1071 369 1146 silvaticis
390 1076 580 1148 montanis
602 1077 778 1170 vulgaris.
805 1076 1067 1150 Gentiaaaccae.

295 1201 421 1274 Herba
441 1203 573 1277 florida
593 1205 734 1278 siccata
753 1226 799 1277 ex
818 1209 897 1277 toto
918 1204 1058 1296 glabra,
1079 1204 1183 1276 caule
1204 1207 1389 1279 subtetra·

190 1349 299 1420 g0n0,
314 1329 456 1402 inferne
473 1331 640 1424 simplici,
657 1352 819 1423 superne
836 1331 1062 1418 dichotomo,
1083 1331 1179 1404 foliis
1195 1334 1388 1426 oppositis

190 1456 398 1545 sessilibus,
414 1459 595 1546 ovalibus
607 1461 735 1548 oratis
757 1458 929 1532 obovatis
950 1463 1016 1531 aut
1033 1460 1389 1548 ovato-lanceolatis

189 1583 445 1674 integerrimis
465 1587 528 1658 tri-
547 1593 612 1660 aut
632 1586 946 1681 quinquenerviis,
966 1586 1062 1657 laete
1082 1586 1272 1674 viridibus,
1290 1587 1387 1659 radi·

189 1709 335 1783 calibus
360 1713 398 1783 in
428 1713 556 1786 orbem
587 1714 789 1806 dispositis,
818 1714 970 1787 floribus
999 1713 1232 1805 regularibus
1261 1719 1390 1805 penta-

188 1837 310 1926 meris,
340 1838 378 1911 in
398 1840 516 1930 cymis
544 1842 770 1914 fasciculatis
796 1841 1066 1929 terminalibus
1088 1840 1226 1913 corolla
1245 1841 1390 1913 rubella

190 1965 530 2057 infundibulisormi,
548 1969 712 2041 authoris
729 1969 918 2042 defloratis
933 1968 1018 2061 plus
1037 1968 1160 2040 minus
1175 1967 1385 2060 spiralibus.

190 2091 347 2184 Saporis
368 2101 425 2168 est
443 2097 639 2188 peramari.

301 2219 521 2294 Extractum.
543 2221 676 2318 Species
697 2224 939 2296 orrrariraates.
965 2221 1134 2294 Tinctum
1154 2247 1290 2296 artiora.

509 2472 694 2582 llcrba
723 2472 1070 2616 Cbcuoporlii.

304 2674 560 2772 Clienopodc'am
592 2677 837 2751 arrrbrosioides
864 2678 1008 2767 Linn,
1036 2679 1167 2770 planta
1196 2699 1333 2767 annua,
1354 2679 1392 2751 in

189 2805 361 2878 Amerina
389 2807 533 2899 tropica
562 2807 748 2898 indigena,
781 2807 883 2900 apud
911 2829 983 2879 nos
1012 2807 1050 2878 in
1080 2805 1201 2879 hortis
1227 2804 1327 2877 culta
1356 2811 1393 2878 et

187 2933 334 3024 passim
354 2934 651 3026 subspontanea.
679 2932 987 3029 Obcaopodr'aceae.

299 3037 426 3132 Herba
439 3060 574 3132 florida
588 3061 738 3150 siccata,
756 3061 861 3134 caule
878 3061 1075 3151 herbaceo,
1090 3081 1255 3148 ramoso,
1272 3081 1389 3152 angu-

189 3189 443 3276 lato-sulcat0‚
463 3187 561 3261 foliis
582 3188 742 3276 alternis
764 3188 1036 3282 subpetiolatis
1063 3187 1248 3279 oblongis,
1270 3187 1388 3259 utrin-

191 3338 262 3407 que
301 3316 535 3402 acuminatis
574 3317 622 3388 ad
660 3317 790 3389 decern
829 3316 1047 3389 centimetra
1074 3315 1209 3406 longis,
1248 3321 1391 3387 remote

191 3439 1391 3534 sinuato-dentatisautsubintegrissummislineari-lanceolatis,

190 3570 445 3662 integerrimis
460 3570 646 3659 tenuibus
661 3570 867 3662 puberulis,
883 3572 1017 3644 subtus
1034 3569 1280 3663 glandulosis
1297 3570 1392 3642 laete

192 3697 386 3785 viridibus,
417 3697 572 3770 floribus
604 3697 730 3789 parvis
763 3697 1053 3786 virescentibus,
1101 3697 1140 3769 in
1176 3695 1392 3788 glomerulis

192 3825 420 3915 axillaribus
435 3825 619 3898 antburos
631 3825 799 3915 foliosos,
811 3826 1046 3915 densitloros
1062 3825 1277 3898 terminales
1294 3847 1393 3898 com·

193 3953 428 4046 ponentibus
446 3950 582 4024 Odoris
599 3958 635 4025 et
650 3955 795 4045 saporis
810 3959 867 4026 est
882 3959 984 4044 grate
1001 3953 1204 4043 aromatici,
1218 3953 1393 4025 Mentlrae

194 4079 335 4152 similis.

503 4334 802 4443 Herba
838 4330 1086 4442 vomit.

311 4551 460 4625 Conium
484 4554 697 4625 maculatum
725 4552 861 4645 Lina,
890 4554 1020 4647 planta
1046 4552 1202 4642 biennis
1228 4552 1267 4624 in
1285 4554 1392 4625 rude·

196 4683 296 4772 ratis
316 4681 364 4754 ad
389 4703 517 4775 pagos
546 4682 584 4754 iu
610 4681 729 4754 hortis
755 4685 791 4753 et
811 4680 919 4753 cultis
940 4681 1117 4772 vulgaris.
1145 4677 1392 4770 Umbellifaae.
