3576 5454
676 577 919 649 -185-

199 821 268 872 nec
294 807 434 880 sulfure
455 799 618 872 demisso
644 797 846 888 opalescat,
871 815 941 868 nec
962 815 1063 887 aqua
1082 793 1396 885 hydrosullurata,

199 951 269 1002 ner
290 931 417 1004 addita
437 927 638 1015 ammonia,
659 923 849 996 ammonio
869 921 1054 995 sulfurato
1075 923 1239 994 colorem
1266 927 1397 995 mutet.

199 1056 341 1130 Eadem
380 1056 486 1131 acido
525 1054 656 1127 uitrico
694 1050 883 1123 acidulata
919 1049 978 1122 vel
1016 1049 1132 1140 baryo
1170 1049 1302 1123 uitrico
1340 1051 1398 1122 vel

200 1189 355 1276 argento
375 1184 508 1258 nitrioo
527 1202 575 1254 ne
595 1178 707 1252 nimis
728 1177 908 1251 turbetur.

309 1310 506 1384 Contineat
543 1309 581 1381 in
614 1312 765 1380 centum
810 1303 980 1398 partibus
1033 1305 1228 1378 minimum
1274 1311 1400 1398 partes

202 1439 252 1511 36
265 1461 272 1476 ·
284 1439 304 1511 7
318 1437 434 1510 Natrii
450 1435 637 1510 carbonici
653 1432 755 1520 sicei;
773 1437 1000 1525 quapropter
1018 1453 1189 1524 gramma
1208 1431 1401 1505 dimidium

200 1565 315 1639 Natrii
342 1564 530 1638 carbonioi
567 1559 814 1653 crystallisati,
852 1559 892 1630 in
930 1581 1030 1652 aqua
1065 1559 1253 1632 destillata
1288 1562 1400 1634 centi-

201 1692 330 1765 metris
342 1691 479 1766 cubicis
490 1690 635 1764 circiter
649 1687 777 1780 viginti
790 1686 966 1777 solutum,
977 1687 1173 1758 minimum
1184 1688 1402 1762 centimetra

200 1819 330 1892 cubica
359 1819 509 1911 triginta
538 1819 699 1909 quatuor
718 1821 754 1888 et
773 1815 1025 1888 sex'decimas
1045 1820 1175 1907 partes
1198 1815 1304 1906 (al-6
1327 1815 1400 1907 CC)

201 1945 397 2019 solutionis
412 1943 693 2018 alcalimetn'cae
710 1942 973 2016 decinormalis
993 1949 1199 2032 consumat,
1219 1947 1261 2015 ut
1279 1943 1403 2036 liquor

201 2077 335 2147 neuter
355 2072 501 2146 evadat.

311 2199 483 2290 Crystalli
503 2198 645 2272 ruditer
660 2203 778 2288 tusae,
795 2199 878 2272 loco
896 2197 1025 2292 tepido
1047 2197 1124 2269 aeri
1141 2199 1343 2291 expositae,
1363 2198 1400 2270 in

202 2327 396 2419 pulverem
422 2325 641 2399 dilabuntur
670 2331 706 2399 et
733 2327 831 2400 ultra
857 2347 924 2399 sex
944 2325 1108 2399 decimas
1135 2326 1314 2418 ponderis
1342 2326 1401 2400 sui

201 2459 329 2547 partes
355 2454 526 2546 perdunt
552 2453 680 2527 Pulvis
707 2454 793 2528 inde
821 2460 955 2528 enatus
985 2474 1052 2546 per
1087 2453 1249 2527 cribrum
1282 2459 1402 2526 trans-

200 2582 324 2674 jectus
345 2582 416 2653 sub
437 2581 588 2654 nomine

401 2704 558 2784 lintrium
579 2705 807 2785 corbolicum
828 2706 963 2784 siccum
984 2705 1212 2806 (dilapsu)

203 2841 353 2930 praesto
373 2836 566 2909 habeatur.

317 2963 487 3037 Tinctum
518 2963 604 3036 erei
632 2987 775 3060 aquosa.

396 3304 637 3413 Natrium
664 3304 1210 3447 byclrooarbonioum.

276 3565 279 3572 ·
321 3532 508 3612 Natrium
531 3534 843 3613 bicarbonioum.
866 3533 1119 3613 Bicarbonas
1143 3534 1285 3614 Sodae.

315 3729 472 3802 Crustae
520 3728 768 3821 crystallinae,
816 3750 969 3821 opacae,
1016 3736 1101 3803 aere
1148 3729 1404 3823 persistentem

206 3854 356 3950 saporis
390 3855 626 3945 subalcalini,
651 3857 691 3930 in
717 3879 838 3950 aquae
867 3856 1023 3949 frigidae
1059 3857 1229 3949 partibus
1263 3858 1406 3931 circiter

209 3984 256 4055 13
285 3981 479 4072 solubileS,
515 3984 714 4057 calefactae
749 3985 898 4058 acidum
931 3986 1172 4059 carbonioum
1205 3989 1241 4058 et
1267 4007 1406 4080 aquam

206 4112 392 4200 emittunt,
425 4111 618 4185 residuum
652 4117 710 4185 est
749 4113 949 4186 reactionis
982 4114 1124 4188 fortiter
1156 4113 1336 4187 alcalinae
1369 4119 1422 4212 et

206 4240 380 4312 flammae
402 4239 596 4313 admotum
614 4239 713 4312 banc
733 4239 856 4314 colore
876 4241 975 4315 ssavo
995 4242 1111 4315 inficit

315 4366 459 4440 Solutio
489 4387 535 4438 ex
564 4372 769 4457 grammate
794 4389 871 4442 uno
898 4368 988 4441 salis
1020 4374 1057 4442 et
1075 4369 1253 4461 grammis
1277 4368 1407 4459 viginti

207 4514 327 4586 aquae
356 4494 564 4568 destillatae
583 4499 728 4586 parata,
757 4496 892 4569 additis
917 4497 1031 4588 guttis
1052 4495 1169 4570 tribus
1208 4496 1404 4570 solutionis

206 4619 565 4714 phenolphthalelni,
586 4642 632 4694 ne
659 4622 788 4695 statim
806 4624 982 4697 rubescat
1000 4628 1037 4697 et
1064 4623 1097 4696 si
1115 4624 1215 4696 lente
1229 4624 1405 4714 rubescit,

207 4751 312 4839 gutta
330 4769 407 4820 una
427 4748 522 4820 acidi
541 4748 816 4840 hydrochlorici
837 4749 941 4822 diluti
961 4750 1205 4825 decoloretur.
