3576 5454
635 547 1002 624 ‘-189-v

203 768 240 837 et
269 765 392 840 natrio
415 765 670 858 phosphorico
701 769 875 856 mutetur,
902 772 1055 860 argento
1080 769 1213 844 uitrico
1239 772 1402 842 tantum·

201 892 315 966 modo
334 893 524 968 lactescat.

310 1017 479 1094 Natrium
513 1019 734 1093 sulfuricum
767 1041 898 1112 grosse
922 1022 1169 1115 pulveratum,
1204 1023 1280 1096 aeri
1300 1023 1400 1096 sicco

201 1143 286 1216 loco
308 1143 435 1237 tepido
456 1147 678 1240 expositum,
697 1147 797 1222 ultra
816 1149 1012 1224 dimidium
1027 1150 1205 1243 ponderis
1225 1150 1347 1242 perdit
1367 1156 1403 1223 et

200 1270 239 1342 in
274 1272 474 1364 pulverem
498 1274 734 1365 convertitur,
769 1275 832 1368 qui
865 1297 933 1367 per
975 1276 1141 1349 cribrum
1174 1277 1402 1369 transjectus

203 1380 273 1471 sub
288 1400 439 1473 nomine

412 1522 569 1603 llctrlun
590 1526 804 1604 sullurlcun
821 1528 954 1605 siccum
975 1527 1200 1631 (dilapsum)

200 1656 355 1746 praesto
374 1655 433 1728 sit.

481 1939 664 2048 tlleum
680 1938 1126 2083 amygdalarum.

199 2161 302 2255 Rpe:
333 2159 609 2262 lnygdalmn
629 2160 788 2239 dulclun
810 2187 842 2259 q.
864 2187 895 2236 v.

308 2289 351 2362 In
384 2290 579 2384 pulverem
603 2290 778 2365 redactas
805 2294 841 2364 et
867 2293 1019 2366 sacculo
1044 2292 1212 2366 inclusas
1238 2292 1401 2386 primum

135 2477 136 2482 ,
199 2417 337 2506 leviter,
365 2418 498 2492 deinde
525 2418 725 2491 fortissime
750 2418 790 2492 in
822 2419 926 2511 prelo
955 2420 1131 2512 exprime.
1169 2419 1302 2492 Oleum
1334 2440 1403 2511 per

200 2545 370 2617 chartam
389 2545 557 2619 bibulam
575 2544 757 2620 filtratum
776 2567 897 2619 serva.

311 2671 367 2744 Sit
419 2672 631 2767 limpidum,
680 2672 815 2746 coloris
862 2673 998 2766 pallide
1042 2672 1146 2762 flavi,
1189 2673 1399 2762 modorum,

202 2798 348 2890 saporis
383 2800 492 2890 uritis,
527 2822 605 2874 non
631 2800 783 2890 rancidi,
816 2821 893 2872 non
927 2800 1132 2891 exsiccans,
1165 2801 1300 2892 frigore
1324 2823 1402 2874 non

202 2926 453 3018 spissescens,
487 2927 662 3020 ponderis
696 2949 797 3020 spec.
837 2927 1162 3002 osto-osan
1203 2928 1325 3001 Facile
1363 2928 1402 3001 in

204 3033 353 3126 aethere
373 3060 411 3128 et
429 3053 467 3125 in
487 3052 750 3128 chloroformio
772 3054 936 3127 solvitur.

300 3178 432 3254 Partes
444 3181 660 3273 quindecim
674 3182 746 3254 olei
757 3202 844 3254 cum
853 3180 1242 3273 mixtioneepartibus
1254 3182 1402 3255 duabus

201 3329 322 3400 aquae
343 3311 379 3380 el
397 3308 563 3400 partibus
590 3307 708 3382 tribus
738 3308 834 3381 acidi
857 3307 976 3380 nitrici
994 3307 1176 3380 fumantis
1200 3308 1402 3383 vehemen-

202 3440 258 3508 ter
276 3441 565 3528 conquassatae,
592 3433 809 3509 mixtionem
833 3434 1007 3523 albidam,
1032 3456 1110 3508 non
1134 3455 1223 3507 vero
1253 3435 1402 3508 fuscam

202 3568 267 3635 aut
298 3563 454 3635 rubram
486 3563 703 3656 praebeant,
739 3584 836 3656 quae
869 3562 1060 3634 nonnullis
1094 3562 1199 3634 horis
1238 3563 1401 3653 peractis

201 3710 373 3762 massam
393 3689 554 3762 solidam
575 3688 701 3762 albam
721 3689 881 3783 deponit.

315 3815 478 3889 Ceratum
499 3815 640 3889 Cetacei.
657 3815 817 3890 Emutsio
833 3817 955 3889 ooosa.
980 3813 1015 3887 U
1013 3819 1200 3911 opacatum
1217 3815 1399 3888 emolliens.

209 3942 426 4039 unquentum
448 3943 551 4018 Zo'uci
570 3943 725 4040 osydoti.

611 4230 795 4339 tlleum
829 4231 991 4340 Anisi.

312 4453 339 4526 E
364 4453 545 4528 ductibus
575 4454 681 4528 Anisi
710 4454 876 4548 vulgaris
906 4459 1083 4548 paratum
1121 4455 1169 4528 sil
1196 4453 1402 4546 limpidum,

202 4580 400 4653 reactionis
424 4583 602 4671 neutrius,
624 4583 776 4656 decolor
795 4583 854 4656 vel
872 4604 1007 4676 pamm
1025 4583 1245 4670 flavescens
1275 4580 1402 4653 odoris

201 4706 360 4780 Fructus
390 4709 496 4781 Anisi
529 4708 739 4801 peculiaria,
783 4709 929 4802 saporis
971 4708 1175 4794 aromatici,
1209 4705 1403 4784 subdulcia
