3576 5454
661 575 896 648 -nao-

598 787 774 899 Radix
803 787 950 898 ithai.

281 1047 414 1120 aleam
432 1050 630 1144 palmatum
649 1049 779 1142 Linn,
800 1048 936 1120 Rkeum
956 1047 1129 1145 officinolc
1142 1046 1319 1120 Baillon
1339 1052 1375 1121 et

173 1177 433 1250 verosimiliter
449 1177 542 1250 aliae
564 1177 652 1248 [rtet
667 1178 825 1269 sperica,
846 1177 970 1250 adhuc
985 1199 1061 1250 non
1082 1175 1174 1249 satis
1195 1173 1376 1266 cognitae,

174 1308 403 1397 spontaneae
424 1305 461 1377 in
481 1304 628 1396 alpibns
648 1304 789 1377 Clrinae
818 1302 1227 1378 boreali-occidentalis
1267 1300 1373 1397 Poly-

170 1455 351 1527 ponooeae.

282 1595 404 1668 Radix
431 1597 555 1668 valida
585 1595 748 1686 concisa,
778 1594 917 1667 siccata
943 1599 979 1667 et
1004 1593 1238 1668 decorticata.
1263 1594 1375 1684 Merx,

172 1723 283 1794 nobis
308 1723 465 1796 advecta
485 1745 504 1797 e
526 1723 655 1814 China‚
682 1722 782 1795 sistit
801 1727 996 1814 segmenta
1024 1721 1278 1796 multiformia:
1313 1743 1372 1813 cy-

172 1848 337 1938 lindrica,
372 1851 656 1943 subcylindrica,
697 1850 843 1940 conica,
879 1849 1110 1940 subglobosa
1147 1855 1211 1923 aut
1248 1849 1376 1943 plano-

174 1997 349 2067 convexa,
378 1999 456 2050 non
476 1999 561 2050 raro
582 1977 712 2067 forata,
734 1977 966 2051 extrinsecus
995 1979 1148 2070 pulvere
1167 1977 1262 2050 laete
1282 1977 1378 2050 flavo

175 2124 398 2195 conspersa,
436 2105 657 2197 plerumque
697 2105 790 2177 dura
823 2109 859 2178 et
886 2106 1109 2197 ponderosa,
1147 2104 1186 2176 in
1219 2105 1381 2177 fractura

173 2231 359 2323 inaequali
379 2253 524 2325 aspera,
543 2232 640 2320 albo,
674 2231 898 2320 amantiaco,
926 2230 1040 2303 rubro
1060 2235 1124 2303 ant
1142 2230 1381 2305 fusco-mhro

172 2358 375 2450 variegata.

283 2503 403 2576 Sectio
441 2509 657 2578 transversa
694 2477 839 2597 probat
876 2503 956 2576 sive
1002 2523 1119 2595 prope
1168 2503 1377 2595 marginem

173 2651 309 2703 zonam
328 2631 550 2722 densiorem,
565 2631 737 2704 radiatim
753 2632 940 2722 signatam
954 2649 1021 2720 per
1035 2628 1135 2702 vices
1151 2629 1259 2702 lineis
1280 2629 1374 2704 albis

173 2763 210 2830 ct
227 2758 350 2831 rubris
375 2762 439 2831 aut
468 2759 692 2832 aurantiacis
727 2764 763 2832 et
796 2762 940 2851 partem
975 2757 1138 2830 mediam
1171 2757 1375 2831 medullae·

168 2887 329 2958 formem
343 2885 518 2978 amplam,
532 2887 680 2978 punctis
700 2891 736 2958 et
751 2884 908 2958 maculis
931 2883 1038 2955 ssavis
1057 2888 1093 2957 et
1109 2884 1234 2956 rubris
1255 2884 1374 2957 varie-

168 3019 305 3106 gatam,
352 3012 481 3104 figuris
524 3012 675 3086 radiatis
709 3013 834 3105 parvis
868 3013 906 3084 in
951 3011 1128 3083 circulum
1166 3011 1376 3104 dispositis;

170 3141 249 3214 sive
278 3140 391 3212 telam
419 3139 576 3231 punctis
605 3139 765 3213 maculis
795 3145 831 3211 et
850 3139 957 3212 lineis
979 3139 1175 3212 multifarie
1195 3138 1377 3211 intricatis

170 3267 408 3358 variegatam,
437 3265 567 3358 figuris
587 3266 659 3339 illis
690 3266 844 3340 radiatis
874 3265 1125 3356 irregulariter
1150 3265 1293 3358 sparsis
1312 3287 1379 3357 per

173 3398 291 3467 totam
312 3393 557 3487 superficiem,
577 3394 722 3487 passim
743 3393 1032 3466 confluentibus.

264 3556 446 3629 .Cellnlae
482 3557 783 3648 parenchymatis
822 3556 1016 3628 continent
1046 3554 1183 3647 partim
1212 3556 1379 3648 amylum

173 3683 424 3775 compositum
443 3689 480 3755 et
498 3683 699 3774 particulas
720 3682 856 3756 coloris
883 3682 985 3755 aurei
1005 3682 1256 3774 splendentes,
1276 3683 1373 3756 terro

175 3810 473 3902 sesquichlorato
495 3811 658 3882 colorem
677 3811 836 3883 obscure
858 3810 1072 3882 caeruleum
1091 3807 1301 3900 induentes
1339 3811 1379 3882 in

176 3937 273 4009 kalio
293 3937 555 4029 hydroxydato
572 3939 693 4010 colore
714 3938 922 4028 sanguineo
936 3935 1123 4026 solubiles
1143 3935 1278 4028 partim
1298 3957 1377 4028 cry·

177 4065 308 4138 stallos
329 4066 652 4156 frequentissimas
673 4065 835 4156 grandes
865 4063 968 4137 calcii
995 4063 1136 4136 oxalici.
1174 4061 1380 4155 Propterea

177 4193 284 4264 radix
311 4193 508 4265 masticata
540 4192 635 4264 inter
668 4192 799 4265 dentes
834 4191 968 4265 stridet
1000 4195 1035 4262 et
1069 4189 1225 4262 salivam
1255 4190 1378 4263 colore

177 4320 275 4392 tlavo
305 4319 423 4411 tingit.
453 4320 649 4391 Pulverem
676 4320 832 4411 praebet
859 4319 955 4391 laete
985 4319 1140 4404 ssavum;
1172 4315 1299 4389 odoris
1321 4322 1380 4390 est

179 4446 385 4540 peculiaris,
402 4447 548 4538 saporis
566 4445 800 4518 amaricantis
818 4451 854 4518 et
868 4445 1149 4536 adstringentis.
1257 4483 1261 4492 ·

289 4609 506 4704 Rejicienda
544 4614 601 4683 est
636 4610 741 4683 radix
778 4613 935 4693 vetusta,
978 4609 1131 4698 cariosa,
1170 4608 1379 4701 spongiosa,

180 4738 339 4813 mucida
