3576 5454
883 538 1040 612 -242
1085 579 1119 592 -

510 759 662 832 Semina
675 760 837 852 perfecte
857 762 1003 830 matura
1024 757 1172 845 siccata,
1194 756 1435 848 subglobosa,
1456 756 1530 829 duo
1553 760 1599 831 ad

402 886 473 959 tria
491 886 704 959 millimelra
722 886 761 959 in
781 885 973 973 diametro,
985 884 1068 956 basi
1087 881 1294 975 strophiola
1305 883 1599 974 subacuminala,

402 1013 653 1106 albuminosa,
683 1011 783 1102 dura,
803 1016 902 1084 testa
921 1016 1029 1084 extus
1050 1032 1177 1104 opaca,
1196 1012 1447 1101 rubro-fusca,
1467 1010 1598 1086 delica-

400 1140 546 1213 tissime
584 1138 770 1213 foveolato
788 1179 801 1191 -
816 1142 1006 1231 punctata.
1050 1137 1213 1229 Embryo
1250 1159 1411 1230 parvuS,
1464 1144 1599 1232 reclus,

398 1267 615 1340 contiuetur
656 1270 762 1359 parte
809 1263 1001 1358 periferica
1047 1263 1246 1337 albuminis
1294 1263 1422 1362 solidi,
1462 1265 1598 1356 griseo·

401 1393 533 1486 albidi,
590 1393 733 1482 cornei,
781 1393 858 1466 fere
907 1391 1137 1465 exadversus
1193 1389 1449 1484 strophiolam.
1508 1393 1602 1466 Sunt

402 1521 549 1614 saporis
577 1519 763 1612 peramari
792 1525 829 1593 et
857 1519 970 1606 acris;
1000 1523 1106 1591 caute
1134 1538 1204 1590 nec
1233 1518 1331 1590 ultra
1358 1537 1500 1590 annum
1529 1539 1600 1592 ser-

403 1646 540 1720 vanda.

519 1771 702 1847 Tinctum.
734 1767 871 1846 Vinum.

744 2166 935 2276 Samen
963 2166 1256 2309 Cydoniam.

519 2389 680 2488 Oydonia
708 2390 864 2488 culquam
892 2390 1109 2480 Persoon,
1140 2391 1251 2463 arbor
1275 2391 1313 2462 in
1333 2387 1483 2462 Oriente
1510 2388 1588 2496 indi

405 2539 511 2609 gena,
532 2517 633 2610 apud
652 2538 724 2590 nos
743 2517 920 2608 frequens
941 2517 1049 2590 culta.
1070 2516 1254 2590 Roscccae.
1276 2517 1434 2589 Pomcac.

515 2644 666 2718 Semina
676 2643 813 2717 siccata
828 2666 895 2735 per
908 2645 1016 2738 plura
1033 2645 1296 2736 conglutinata,
1313 2645 1484 2736 eborata,
1505 2665 1600 2717 com·

281 2817 285 2827 ·
402 2793 545 2865 pressa,
576 2771 754 2863 angulata
782 2776 848 2844 aut
872 2776 1040 2863 cuneata,
1070 2771 1332 2864 subtriquetra,
1366 2773 1601 2860 acutiuscula

405 2899 569 2993 quinque
591 2899 638 2970 ad
668 2903 754 2971 octo
773 2899 983 2971 millimetra
1000 2900 1122 2991 longa,
1142 2904 1240 2973 testa
1268 2905 1377 2972 extus
1403 2921 1422 2971 e
1442 2900 1602 2973 violaceo

400 3027 517 3115 fusca,
551 3025 813 3098 membranula
850 3024 984 3117 albida,
1024 3046 1142 3118 opaea
1180 3027 1338 3115 obtecta,
1374 3026 1551 3123 epithelio
1584 3048 1603 3099 e

404 3151 545 3224 cellulis
572 3151 780 3244 composito
805 3173 957 3225 mucum
981 3152 1177 3245 copiosum
1203 3152 1488 3245 includentibus
1510 3174 1602 3244 quae

402 3278 561 3351 humore
581 3280 719 3351 hausto
744 3283 965 3369 turgescunt
989 3285 1026 3354 et
1049 3301 1138 3354 mox
1158 3279 1326 3373 diruptae
1346 3280 1604 3370 mucilaginem

403 3405 583 3493 emittunt,
609 3426 725 3497 quare
750 3405 894 3480 semina
917 3407 1072 3500 integra,
1094 3429 1193 3500 aqua
1211 3407 1438 3500 humectata,
1467 3407 1603 3480 lubrica

403 3533 498 3606 fiunt
518 3537 553 3605 et
573 3553 659 3605 cum
683 3554 784 3625 aqua
808 3540 1071 3628 conquassata,
1096 3535 1278 3627 liquorem
1297 3535 1602 3628 mucilaginosum

401 3659 594 3752 praebent.
749 3723 751 3730 .

511 3784 703 3886 Mudlaqo.

830 4108 1021 4220 Samen
1048 4107 1182 4218 bini.

514 4327 647 4401 Linum
662 4331 936 4406 usitatissimum
951 4337 1083 4426 Linn,
1108 4336 1238 4428 planta
1257 4354 1394 4425 annua,
1416 4334 1517 4427 apud
1536 4356 1602 4409 nos

403 4457 708 4548 frequentissime
728 4462 839 4536 culta.
860 4462 1045 4537 Mnaccac.

515 4587 668 4660 Semina
677 4592 800 4680 ovata,
813 4613 1040 4684 compressa,
1051 4589 1218 4682 margine
1230 4593 1435 4679 attenuata,
1449 4595 1604 4680 quatuor

405 4719 451 4789 ad
474 4720 637 4812 quinque
658 4715 867 4794 millimcua
885 4719 1015 4821 longa,
1044 4741 1065 4790 a
1084 4718 1199 4790 latere
1224 4716 1338 4808 apicis
1359 4715 1495 4807 obtusi,
