3574 5454
666 555 909 626 —175-

185 777 313 866 mixta,
333 776 455 850 calore
474 777 549 848 30⁰
573 774 713 848 siccata
733 776 768 845 et
781 772 821 845 in
835 773 1027 865 pulverem
1043 769 1218 844 subtilem
1233 768 1386 840 redacta

185 903 604 986 commisceanturcum

322 1026 435 1107 Natrii
456 1025 762 1130 hydroearboniei
781 1024 963 1128 pullenti

728 1154 901 1251 qramrnis
921 1154 1091 1250 octoqinta
1111 1152 1263 1248 quinque
1334 1153 1385 1225 85

323 1281 423 1362 loll!
444 1281 609 1361 tartariei
629 1279 812 1384 pulvernti

730 1408 902 1507 yrammis
922 1405 1160 1504 quadrua-inlu
1333 1407 1386 1478 40

326 1535 497 1617 Suoubnri
517 1537 700 1640 pullenti
735 1536 909 1634 yralnmls
929 1535 1066 1632 viyinli.
1336 1534 1387 1607 lo

296 1668 394 1740 Tum
430 1666 570 1754 mixtio,
600 1665 770 1759 spiritum
806 1663 878 1736 vini
907 1667 1187 1737 concentratum
1215 1662 1388 1756 guttatim

186 1795 403 1868 instillanda
421 1798 457 1866 et
471 1793 598 1888 pistilli
614 1815 684 1886 ope
694 1792 826 1866 leniter
835 1791 1002 1880 terendo,
1018 1789 1056 1863 in
1072 1812 1244 1863 massam
1259 1810 1388 1881 grosse

187 1922 431 2015 granulosam
442 1921 642 2013 redigatur,
659 1941 756 2013 quae
770 1918 845 1992 leni
860 1919 983 1991 calore
999 1918 1149 2007 siccata,
1170 1916 1387 2009 trajiciendo

186 2069 254 2142 per
268 2049 441 2138 cribrum,
460 2048 499 2120 iu
513 2048 706 2141 pulverem
727 2046 969 2140 aequabilem,
990 2067 1123 2138 grosse
1143 2045 1388 2138 granulosum

188 2177 425 2251 convertitur.

297 2322 473 2395 Servetur
491 2320 530 2394 in
549 2341 641 2394 vase
660 2321 756 2394 bene
776 2321 919 2394 clausu

457 2771 799 2913 Magnesiam
825 2770 1135 2912 oxydatum.

620 2998 831 3104 Magnesia
858 3005 963 3080 usta.
1006 3021 1010 3030 ·

191 3194 292 3287 Rpe:
323 3189 491 3296 mgnum
511 3189 697 3270 aerboniui
732 3217 764 3288 q.
786 3217 816 3265 v.

301 3321 475 3414 Imprime
494 3321 534 3393 in
553 3342 623 3393 vas
641 3321 839 3411 figulinum
858 3323 1153 3414 nonvitreatum,
1172 3324 1291 3396 donee
1316 3323 1391 3394 sere

192 3450 376 3542 repletum
395 3449 515 3540 luerit,
536 3448 714 3541 operculo
731 3449 886 3540 figulino
897 3451 1073 3545 imposito
1095 3452 1248 3542 calefiat
1269 3470 1391 3542 usque

193 3577 283 3649 dum
294 3597 384 3670 pars
397 3559 416 3649 e
427 3575 548 3648 medio
560 3595 711 3648 massae
728 3581 912 3669 exempta,
924 3599 1010 3651 eum
1025 3601 1125 3672 aqua
1139 3572 1267 3666 mixta,
1284 3577 1391 3650 acido

193 3704 373 3777 sulfurieo
394 3704 510 3777 diluto
531 3703 656 3776 affuso
675 3723 754 3775 non
773 3704 934 3797 amplius
955 3706 1173 3778 effervescit.

301 3832 432 3906 Massa
459 3830 677 3922 refrigerata
707 3831 837 3903 statim
864 3852 955 3904 vase
985 3833 1123 3925 optime
1153 3833 1282 3907 clauso
1312 3855 1389 3906 ser-

191 3966 312 4035 vetur.
396 3961 403 3969 “

300 4086 429 4160 Pulvis
459 4085 579 4173 albuS,
609 4083 711 4174 levis,
732 4085 770 4156 iu
805 4108 903 4178 aqua
930 4089 1009 4166 fere
1037 4089 1258 4180 insolubilis
1288 4110 1390 4161 reac-

192 4216 304 4292 tiouis
336 4212 527 4300 alealiuae,
557 4211 634 4283 aeri
669 4213 864 4304 expositus
898 4238 1038 4310 aquam
1071 4223 1108 4292 et
1137 4217 1286 4290 aeidum
1315 4238 1392 4288 ear·

193 4344 370 4420 bonicum
399 4338 572 4427 adtrahit,
608 4360 693 4411 cum
714 4361 812 4432 aqua
844 4343 970 4435 tepida
998 4344 1037 4417 in
1067 4345 1210 4438 pultem
1241 4349 1392 4416 tenuem

192 4477 382 4564 redactus,
412 4467 514 4545 brevi
547 4469 715 4557 tempore
748 4468 787 4540 in
818 4471 1020 4562 gelatiuam
1049 4473 1136 4546 abit.
1176 4471 1293 4544 Aeido
1324 4472 1391 4562 hy-

193 4607 428 4682 drochlorico
457 4595 573 4668 diluto
609 4591 689 4665 sine
723 4597 1004 4674 effervescentia
1043 4600 1214 4686 solvitur;
1255 4599 1392 4672 solutio

193 4736 356 4825 decolor,
390 4735 516 4807 addita
541 4733 712 4846 miscella
739 4746 785 4799 ex
820 4730 1010 4802 ammonio
1045 4727 1212 4800 chlorato
1247 4731 1283 4799 et
1316 4746 1392 4798 am·

383 4914 533 4966 ,δ’
