<?xml version="1.0" encoding="UTF-8"?>
<!DOCTYPE html PUBLIC "-//W3C//DTD XHTML 1.0 Transitional//EN"
    "http://www.w3.org/TR/xhtml1/DTD/xhtml1-transitional.dtd">
<html xmlns="http://www.w3.org/1999/xhtml" xml:lang="en" lang="en">
 <head>
  <title>
</title>
<meta http-equiv="Content-Type" content="text/html;charset=utf-8" />
  <meta name='ocr-system' content='tesseract 3.04.00' />
  <meta name='ocr-capabilities' content='ocr_page ocr_carea ocr_par ocr_line ocrx_word'/>
</head>
<body>
  <div class='ocr_page' id='page_1' title='image "./pharmacopoeaaus00unkngoog_0035.png"; bbox 0 0 3502 5454; ppageno 0'>
   <div class='ocr_carea' id='block_1_1' title="bbox 887 543 1076 616">
    <p class='ocr_par' dir='ltr' id='par_1_1' title="bbox 887 543 1076 616">
     <span class='ocr_line' id='line_1_1' title="bbox 887 543 1076 616; baseline -0.011 -20"><span class='ocrx_word' id='word_1_1' title='bbox 887 543 1076 616; x_wconf 56' lang='lat' dir='ltr'>-g-</span> 
     </span>
    </p>
   </div>
   <div class='ocr_carea' id='block_1_2' title="bbox 383 760 1585 1216">
    <p class='ocr_par' dir='ltr' id='par_1_2' title="bbox 383 760 1585 1216">
     <span class='ocr_line' id='line_1_2' title="bbox 492 760 1585 852; baseline 0.003 -19"><span class='ocrx_word' id='word_1_2' title='bbox 492 760 658 852; x_wconf 85' lang='lat' dir='ltr'>Argento</span> <span class='ocrx_word' id='word_1_3' title='bbox 688 761 819 834; x_wconf 88' lang='lat' dir='ltr'>uitrico</span> <span class='ocrx_word' id='word_1_4' title='bbox 840 761 985 852; x_wconf 88' lang='lat' dir='ltr'>adjecto</span> <span class='ocrx_word' id='word_1_5' title='bbox 1016 762 1267 835; x_wconf 86' lang='lat' dir='ltr'>sedimentum</span> <span class='ocrx_word' id='word_1_6' title='bbox 1287 763 1424 851; x_wconf 87' lang='lat' dir='ltr'>album,</span> <span class='ocrx_word' id='word_1_7' title='bbox 1454 785 1585 836; x_wconf 89' lang='lat' dir='ltr'>caseo-</span> 
     </span>
     <span class='ocr_line' id='line_1_3' title="bbox 383 888 1584 982; baseline 0 -20"><span class='ocrx_word' id='word_1_8' title='bbox 383 910 469 962; x_wconf 83' lang='lat' dir='ltr'>surn</span> <span class='ocrx_word' id='word_1_9' title='bbox 489 888 671 980; x_wconf 78' lang='lat' dir='ltr'>gignitur,</span> <span class='ocrx_word' id='word_1_10' title='bbox 708 889 808 979; x_wconf 93' lang='lat' dir='ltr'>quod</span> <span class='ocrx_word' id='word_1_11' title='bbox 837 889 875 962; x_wconf 94' lang='lat' dir='ltr'>in</span> <span class='ocrx_word' id='word_1_12' title='bbox 906 889 1096 961; x_wconf 84' lang='lat' dir='ltr'>ammonia</span> <span class='ocrx_word' id='word_1_13' title='bbox 1125 889 1331 962; x_wconf 78' lang='lat' dir='ltr'>abundanti</span> <span class='ocrx_word' id='word_1_14' title='bbox 1357 891 1418 963; x_wconf 88' lang='lat' dir='ltr'>vel</span> <span class='ocrx_word' id='word_1_15' title='bbox 1445 889 1584 982; x_wconf 81' lang='lat' dir='ltr'>frigore</span> 
     </span>
     <span class='ocr_line' id='line_1_4' title="bbox 383 1015 1583 1110; baseline 0 -22"><span class='ocrx_word' id='word_1_16' title='bbox 383 1015 488 1088; x_wconf 85' lang='lat' dir='ltr'>facile</span> <span class='ocrx_word' id='word_1_17' title='bbox 523 1020 559 1088; x_wconf 91' lang='lat' dir='ltr'>et</span> <span class='ocrx_word' id='word_1_18' title='bbox 592 1016 704 1107; x_wconf 88' lang='lat' dir='ltr'>plane</span> <span class='ocrx_word' id='word_1_19' title='bbox 739 1015 907 1088; x_wconf 90' lang='lat' dir='ltr'>solvitur.</span> <span class='ocrx_word' id='word_1_20' title='bbox 948 1015 1043 1088; x_wconf 89' lang='lat' dir='ltr'>Cum</span> <span class='ocrx_word' id='word_1_21' title='bbox 1070 1036 1261 1108; x_wconf 88' lang='lat' dir='ltr'>mangano</span> <span class='ocrx_word' id='word_1_22' title='bbox 1294 1016 1583 1110; x_wconf 85' lang='lat' dir='ltr'>hyperoxydato</span> 
     </span>
     <span class='ocr_line' id='line_1_5' title="bbox 384 1143 944 1216; baseline -0.002 -1"><span class='ocrx_word' id='word_1_23' title='bbox 384 1143 588 1216; x_wconf 83' lang='lat' dir='ltr'>calefactus</span> <span class='ocrx_word' id='word_1_24' title='bbox 610 1143 780 1216; x_wconf 86' lang='lat' dir='ltr'>chiorum</span> <span class='ocrx_word' id='word_1_25' title='bbox 800 1143 944 1216; x_wconf 91' lang='lat' dir='ltr'>emittit.</span> 
     </span>
    </p>
   </div>
   <div class='ocr_carea' id='block_1_3' title="bbox 383 1288 1585 2002">
    <p class='ocr_par' dir='ltr' id='par_1_3' title="bbox 383 1288 1585 2002">
     <span class='ocr_line' id='line_1_6' title="bbox 495 1288 1582 1382; baseline 0.003 -21"><span class='ocrx_word' id='word_1_26' title='bbox 495 1289 653 1362; x_wconf 82' lang='lat' dir='ltr'>Acidum</span> <span class='ocrx_word' id='word_1_27' title='bbox 685 1288 881 1382; x_wconf 90' lang='lat' dir='ltr'>quintuplo</span> <span class='ocrx_word' id='word_1_28' title='bbox 902 1289 1091 1361; x_wconf 83' lang='lat' dir='ltr'>volumine</span> <span class='ocrx_word' id='word_1_29' title='bbox 1112 1311 1234 1382; x_wconf 87' lang='lat' dir='ltr'>aquae</span> <span class='ocrx_word' id='word_1_30' title='bbox 1255 1289 1463 1364; x_wconf 85' lang='lat' dir='ltr'>destillatae</span> <span class='ocrx_word' id='word_1_31' title='bbox 1484 1291 1582 1364; x_wconf 93' lang='lat' dir='ltr'>dilu-</span> 
     </span>
     <span class='ocr_line' id='line_1_7' title="bbox 383 1415 1583 1508; baseline 0.001 -19"><span class='ocrx_word' id='word_1_32' title='bbox 383 1423 463 1489; x_wconf 87' lang='lat' dir='ltr'>tum</span> <span class='ocrx_word' id='word_1_33' title='bbox 475 1421 512 1488; x_wconf 92' lang='lat' dir='ltr'>et</span> <span class='ocrx_word' id='word_1_34' title='bbox 524 1437 614 1508; x_wconf 80' lang='lat' dir='ltr'>gase</span> <span class='ocrx_word' id='word_1_35' title='bbox 625 1415 930 1507; x_wconf 87' lang='lat' dir='ltr'>hydrosullurato</span> <span class='ocrx_word' id='word_1_36' title='bbox 943 1419 1161 1503; x_wconf 87' lang='lat' dir='ltr'>saturatum,</span> <span class='ocrx_word' id='word_1_37' title='bbox 1177 1437 1245 1490; x_wconf 87' lang='lat' dir='ltr'>nec</span> <span class='ocrx_word' id='word_1_38' title='bbox 1261 1417 1425 1491; x_wconf 90' lang='lat' dir='ltr'>colorem</span> <span class='ocrx_word' id='word_1_39' title='bbox 1439 1419 1583 1491; x_wconf 84' lang='lat' dir='ltr'>tlavurn</span> 
     </span>
     <span class='ocr_line' id='line_1_8' title="bbox 386 1543 1584 1638; baseline 0.003 -22"><span class='ocrx_word' id='word_1_40' title='bbox 386 1544 527 1632; x_wconf 86' lang='lat' dir='ltr'>induat,</span> <span class='ocrx_word' id='word_1_41' title='bbox 547 1565 618 1616; x_wconf 89' lang='lat' dir='ltr'>nec</span> <span class='ocrx_word' id='word_1_42' title='bbox 645 1543 933 1637; x_wconf 86' lang='lat' dir='ltr'>praecipitatum</span> <span class='ocrx_word' id='word_1_43' title='bbox 961 1543 1104 1616; x_wconf 83' lang='lat' dir='ltr'>luteurn</span> <span class='ocrx_word' id='word_1_44' title='bbox 1131 1545 1305 1637; x_wconf 83' lang='lat' dir='ltr'>deponat,</span> <span class='ocrx_word' id='word_1_45' title='bbox 1341 1547 1517 1638; x_wconf 84' lang='lat' dir='ltr'>etsiamsi,</span> <span class='ocrx_word' id='word_1_46' title='bbox 1542 1549 1584 1620; x_wconf 94' lang='lat' dir='ltr'>in</span> 
     </span>
     <span class='ocr_line' id='line_1_9' title="bbox 389 1670 1585 1768; baseline 0 -22"><span class='ocrx_word' id='word_1_47' title='bbox 389 1695 474 1746; x_wconf 84' lang='lat' dir='ltr'>vase</span> <span class='ocrx_word' id='word_1_48' title='bbox 514 1670 644 1744; x_wconf 85' lang='lat' dir='ltr'>clauso</span> <span class='ocrx_word' id='word_1_49' title='bbox 677 1670 875 1762; x_wconf 88' lang='lat' dir='ltr'>digestum,</span> <span class='ocrx_word' id='word_1_50' title='bbox 909 1694 977 1765; x_wconf 92' lang='lat' dir='ltr'>per</span> <span class='ocrx_word' id='word_1_51' title='bbox 1011 1673 1153 1766; x_wconf 84' lang='lat' dir='ltr'>aliquot</span> <span class='ocrx_word' id='word_1_52' title='bbox 1188 1679 1336 1767; x_wconf 89' lang='lat' dir='ltr'>tempus</span> <span class='ocrx_word' id='word_1_53' title='bbox 1372 1675 1585 1768; x_wconf 88' lang='lat' dir='ltr'>sepositum</span> 
     </span>
     <span class='ocr_line' id='line_1_10' title="bbox 387 1801 1582 1895; baseline 0.002 -22"><span class='ocrx_word' id='word_1_54' title='bbox 387 1801 503 1874; x_wconf 86' lang='lat' dir='ltr'>tuerit.</span> <span class='ocrx_word' id='word_1_55' title='bbox 533 1801 737 1873; x_wconf 84' lang='lat' dir='ltr'>Ammonia</span> <span class='ocrx_word' id='word_1_56' title='bbox 756 1807 933 1874; x_wconf 90' lang='lat' dir='ltr'>neutrum</span> <span class='ocrx_word' id='word_1_57' title='bbox 953 1802 1103 1892; x_wconf 85' lang='lat' dir='ltr'>sactum,</span> <span class='ocrx_word' id='word_1_58' title='bbox 1125 1823 1210 1875; x_wconf 84' lang='lat' dir='ltr'>curn</span> <span class='ocrx_word' id='word_1_59' title='bbox 1231 1803 1422 1876; x_wconf 86' lang='lat' dir='ltr'>ammonio</span> <span class='ocrx_word' id='word_1_60' title='bbox 1441 1804 1582 1895; x_wconf 85' lang='lat' dir='ltr'>hydro-</span> 
     </span>
     <span class='ocr_line' id='line_1_11' title="bbox 385 1928 834 2002; baseline 0.004 -2"><span class='ocrx_word' id='word_1_61' title='bbox 385 1928 572 2001; x_wconf 82' lang='lat' dir='ltr'>sullurato</span> <span class='ocrx_word' id='word_1_62' title='bbox 590 1949 637 2002; x_wconf 91' lang='lat' dir='ltr'>ne</span> <span class='ocrx_word' id='word_1_63' title='bbox 659 1933 834 2002; x_wconf 85' lang='lat' dir='ltr'>mutetur.</span> 
     </span>
    </p>
   </div>
   <div class='ocr_carea' id='block_1_4' title="bbox 379 2073 1586 2675">
    <p class='ocr_par' dir='ltr' id='par_1_4' title="bbox 379 2073 1586 2675">
     <span class='ocr_line' id='line_1_12' title="bbox 493 2073 1584 2168; baseline 0 -22"><span class='ocrx_word' id='word_1_64' title='bbox 493 2075 651 2148; x_wconf 78' lang='lat' dir='ltr'>Aridum</span> <span class='ocrx_word' id='word_1_65' title='bbox 685 2095 785 2166; x_wconf 87' lang='lat' dir='ltr'>aqua</span> <span class='ocrx_word' id='word_1_66' title='bbox 806 2073 976 2162; x_wconf 87' lang='lat' dir='ltr'>dilutum,</span> <span class='ocrx_word' id='word_1_67' title='bbox 1006 2074 1141 2147; x_wconf 80' lang='lat' dir='ltr'>infusis</span> <span class='ocrx_word' id='word_1_68' title='bbox 1173 2074 1315 2168; x_wconf 87' lang='lat' dir='ltr'>aliquot</span> <span class='ocrx_word' id='word_1_69' title='bbox 1344 2075 1456 2167; x_wconf 90' lang='lat' dir='ltr'>guttis</span> <span class='ocrx_word' id='word_1_70' title='bbox 1475 2075 1584 2166; x_wconf 86' lang='lat' dir='ltr'>baryi</span> 
     </span>
     <span class='ocr_line' id='line_1_13' title="bbox 385 2200 1586 2294; baseline 0.001 -21"><span class='ocrx_word' id='word_1_71' title='bbox 385 2201 514 2291; x_wconf 88' lang='lat' dir='ltr'>uitrici,</span> <span class='ocrx_word' id='word_1_72' title='bbox 548 2205 697 2274; x_wconf 90' lang='lat' dir='ltr'>netum</span> <span class='ocrx_word' id='word_1_73' title='bbox 733 2200 886 2294; x_wconf 90' lang='lat' dir='ltr'>quidem</span> <span class='ocrx_word' id='word_1_74' title='bbox 919 2200 1114 2288; x_wconf 85' lang='lat' dir='ltr'>turbetur,¹</span> <span class='ocrx_word' id='word_1_75' title='bbox 1139 2201 1171 2272; x_wconf 89' lang='lat' dir='ltr'>si</span> <span class='ocrx_word' id='word_1_76' title='bbox 1204 2201 1391 2274; x_wconf 91' lang='lat' dir='ltr'>solutione</span> <span class='ocrx_word' id='word_1_77' title='bbox 1421 2201 1500 2292; x_wconf 88' lang='lat' dir='ltr'>jodi</span> <span class='ocrx_word' id='word_1_78' title='bbox 1533 2203 1586 2274; x_wconf 93' lang='lat' dir='ltr'>ad</span> 
     </span>
     <span class='ocr_line' id='line_1_14' title="bbox 386 2327 1585 2419; baseline 0 -19"><span class='ocrx_word' id='word_1_79' title='bbox 386 2329 549 2401; x_wconf 86' lang='lat' dir='ltr'>colorem</span> <span class='ocrx_word' id='word_1_80' title='bbox 568 2328 709 2399; x_wconf 87' lang='lat' dir='ltr'>ssavum</span> <span class='ocrx_word' id='word_1_81' title='bbox 730 2327 886 2398; x_wconf 87' lang='lat' dir='ltr'>tinctum</span> <span class='ocrx_word' id='word_1_82' title='bbox 907 2327 990 2414; x_wconf 84' lang='lat' dir='ltr'>fuit,</span> <span class='ocrx_word' id='word_1_83' title='bbox 1019 2347 1143 2419; x_wconf 90' lang='lat' dir='ltr'>neque</span> <span class='ocrx_word' id='word_1_84' title='bbox 1174 2327 1339 2399; x_wconf 85' lang='lat' dir='ltr'>colorem</span> <span class='ocrx_word' id='word_1_85' title='bbox 1369 2327 1585 2400; x_wconf 86' lang='lat' dir='ltr'>caeruleum</span> 
     </span>
     <span class='ocr_line' id='line_1_15' title="bbox 385 2452 1586 2546; baseline -0.003 -18"><span class='ocrx_word' id='word_1_86' title='bbox 385 2456 571 2543; x_wconf 80' lang='lat' dir='ltr'>exhibeat,</span> <span class='ocrx_word' id='word_1_87' title='bbox 591 2459 793 2546; x_wconf 83' lang='lat' dir='ltr'>postquam</span> <span class='ocrx_word' id='word_1_88' title='bbox 814 2473 900 2525; x_wconf 88' lang='lat' dir='ltr'>cum</span> <span class='ocrx_word' id='word_1_89' title='bbox 924 2453 1039 2544; x_wconf 89' lang='lat' dir='ltr'>guttis</span> <span class='ocrx_word' id='word_1_90' title='bbox 1059 2452 1250 2526; x_wconf 91' lang='lat' dir='ltr'>nonnullis</span> <span class='ocrx_word' id='word_1_91' title='bbox 1272 2453 1468 2526; x_wconf 88' lang='lat' dir='ltr'>solutionis</span> <span class='ocrx_word' id='word_1_92' title='bbox 1490 2453 1586 2526; x_wconf 87' lang='lat' dir='ltr'>zinci</span> 
     </span>
     <span class='ocr_line' id='line_1_16' title="bbox 379 2583 1060 2675; baseline -0.001 -20"><span class='ocrx_word' id='word_1_93' title='bbox 379 2583 500 2675; x_wconf 88' lang='lat' dir='ltr'>jodati</span> <span class='ocrx_word' id='word_1_94' title='bbox 520 2603 606 2655; x_wconf 85' lang='lat' dir='ltr'>curn</span> <span class='ocrx_word' id='word_1_95' title='bbox 625 2583 749 2674; x_wconf 90' lang='lat' dir='ltr'>amylo</span> <span class='ocrx_word' id='word_1_96' title='bbox 771 2588 1060 2675; x_wconf 86' lang='lat' dir='ltr'>conquassatur.</span> 
     </span>
    </p>
   </div>
   <div class='ocr_carea' id='block_1_5' title="bbox 384 2729 1587 3566">
    <p class='ocr_par' dir='ltr' id='par_1_5' title="bbox 384 2729 1587 3566">
     <span class='ocr_line' id='line_1_17' title="bbox 493 2729 1584 2823; baseline 0 -22"><span class='ocrx_word' id='word_1_97' title='bbox 493 2729 536 2801; x_wconf 92' lang='lat' dir='ltr'>ln</span> <span class='ocrx_word' id='word_1_98' title='bbox 568 2731 739 2823; x_wconf 87' lang='lat' dir='ltr'>partibus</span> <span class='ocrx_word' id='word_1_99' title='bbox 776 2735 924 2803; x_wconf 88' lang='lat' dir='ltr'>centurn</span> <span class='ocrx_word' id='word_1_100' title='bbox 960 2729 1150 2803; x_wconf 88' lang='lat' dir='ltr'>contineat</span> <span class='ocrx_word' id='word_1_101' title='bbox 1181 2735 1309 2822; x_wconf 84' lang='lat' dir='ltr'>partes</span> <span class='ocrx_word' id='word_1_102' title='bbox 1338 2731 1457 2802; x_wconf 76' lang='grc'>1306</span> <span class='ocrx_word' id='word_1_103' title='bbox 1478 2730 1584 2820; x_wconf 80' lang='lat' dir='ltr'>gosis</span> 
     </span>
     <span class='ocr_line' id='line_1_18' title="bbox 384 2855 1585 2950; baseline -0.002 -22"><span class='ocrx_word' id='word_1_104' title='bbox 384 2855 668 2948; x_wconf 85' lang='lat' dir='ltr'>hydroclrlorici.</span> <span class='ocrx_word' id='word_1_105' title='bbox 717 2857 859 2946; x_wconf 89' lang='lat' dir='ltr'>Quodsi</span> <span class='ocrx_word' id='word_1_106' title='bbox 888 2877 934 2930; x_wconf 80' lang='lat' dir='ltr'>ex</span> <span class='ocrx_word' id='word_1_107' title='bbox 973 2857 1138 2950; x_wconf 91' lang='lat' dir='ltr'>quinque</span> <span class='ocrx_word' id='word_1_108' title='bbox 1182 2857 1407 2930; x_wconf 88' lang='lat' dir='ltr'>centimetris</span> <span class='ocrx_word' id='word_1_109' title='bbox 1443 2855 1585 2929; x_wconf 80' lang='lat' dir='ltr'>cubicis</span> 
     </span>
     <span class='ocr_line' id='line_1_19' title="bbox 388 2983 1586 3076; baseline -0.002 -21"><span class='ocrx_word' id='word_1_110' title='bbox 388 2985 427 3074; x_wconf 74' lang='lat'>(5</span> <span class='ocrx_word' id='word_1_111' title='bbox 450 2983 523 3074; x_wconf 86' lang='lat' dir='ltr'>CC)</span> <span class='ocrx_word' id='word_1_112' title='bbox 547 2983 629 3076; x_wconf 75' lang='lat' dir='ltr'>eJus</span> <span class='ocrx_word' id='word_1_113' title='bbox 650 3005 750 3076; x_wconf 84' lang='lat' dir='ltr'>aqua</span> <span class='ocrx_word' id='word_1_114' title='bbox 768 2983 944 3056; x_wconf 90' lang='lat' dir='ltr'>diluendo</span> <span class='ocrx_word' id='word_1_115' title='bbox 965 2983 1175 3056; x_wconf 84' lang='lat' dir='ltr'>efficiuntur</span> <span class='ocrx_word' id='word_1_116' title='bbox 1195 2989 1346 3056; x_wconf 86' lang='lat' dir='ltr'>centum</span> <span class='ocrx_word' id='word_1_117' title='bbox 1366 2983 1586 3056; x_wconf 87' lang='lat' dir='ltr'>centimetra</span> 
     </span>
     <span class='ocr_line' id='line_1_20' title="bbox 390 3109 1587 3202; baseline -0.001 -20"><span class='ocrx_word' id='word_1_118' title='bbox 390 3110 520 3183; x_wconf 84' lang='lat' dir='ltr'>cubica</span> <span class='ocrx_word' id='word_1_119' title='bbox 536 3112 630 3200; x_wconf 80' lang='grc'>(100</span> <span class='ocrx_word' id='word_1_120' title='bbox 647 3110 732 3200; x_wconf 88' lang='lat' dir='ltr'>CC),</span> <span class='ocrx_word' id='word_1_121' title='bbox 752 3110 790 3182; x_wconf 92' lang='lat' dir='ltr'>in</span> <span class='ocrx_word' id='word_1_122' title='bbox 806 3111 934 3182; x_wconf 84' lang='lat' dir='ltr'>decern</span> <span class='ocrx_word' id='word_1_123' title='bbox 956 3111 1178 3183; x_wconf 86' lang='lat' dir='ltr'>centimetris</span> <span class='ocrx_word' id='word_1_124' title='bbox 1194 3110 1332 3183; x_wconf 87' lang='lat' dir='ltr'>cubicis</span> <span class='ocrx_word' id='word_1_125' title='bbox 1347 3110 1463 3202; x_wconf 87' lang='lat' dir='ltr'>hujus</span> <span class='ocrx_word' id='word_1_126' title='bbox 1479 3109 1587 3182; x_wconf 84' lang='lat' dir='ltr'>diluti</span> 
     </span>
     <span class='ocr_line' id='line_1_21' title="bbox 386 3237 1586 3331; baseline -0.001 -21"><span class='ocrx_word' id='word_1_127' title='bbox 386 3237 540 3331; x_wconf 89' lang='lat' dir='ltr'>liquoris</span> <span class='ocrx_word' id='word_1_128' title='bbox 571 3239 714 3311; x_wconf 90' lang='lat' dir='ltr'>neutris</span> <span class='ocrx_word' id='word_1_129' title='bbox 741 3237 956 3326; x_wconf 89' lang='lat' dir='ltr'>reddendis,</span> <span class='ocrx_word' id='word_1_130' title='bbox 982 3238 1179 3310; x_wconf 87' lang='lat' dir='ltr'>minimum</span> <span class='ocrx_word' id='word_1_131' title='bbox 1216 3244 1487 3311; x_wconf 87' lang='lat' dir='ltr'>consumantur</span> <span class='ocrx_word' id='word_1_132' title='bbox 1520 3238 1586 3310; x_wconf 93' lang='lat' dir='ltr'>tri-</span> 
     </span>
     <span class='ocr_line' id='line_1_22' title="bbox 386 3364 1584 3458; baseline 0.001 -21"><span class='ocrx_word' id='word_1_133' title='bbox 386 3365 488 3457; x_wconf 89' lang='lat' dir='ltr'>ginta</span> <span class='ocrx_word' id='word_1_134' title='bbox 497 3387 564 3438; x_wconf 86' lang='lat' dir='ltr'>sex</span> <span class='ocrx_word' id='word_1_135' title='bbox 577 3369 796 3439; x_wconf 87' lang='lat' dir='ltr'>centimetra</span> <span class='ocrx_word' id='word_1_136' title='bbox 810 3366 941 3438; x_wconf 87' lang='lat' dir='ltr'>cubica</span> <span class='ocrx_word' id='word_1_137' title='bbox 951 3371 988 3437; x_wconf 90' lang='lat' dir='ltr'>et</span> <span class='ocrx_word' id='word_1_138' title='bbox 997 3365 1230 3438; x_wconf 84' lang='lat' dir='ltr'>sexdecinrae</span> <span class='ocrx_word' id='word_1_139' title='bbox 1245 3373 1373 3458; x_wconf 85' lang='lat' dir='ltr'>partes</span> <span class='ocrx_word' id='word_1_140' title='bbox 1386 3367 1493 3458; x_wconf 73' lang='lat' dir='ltr'>(so-6</span> <span class='ocrx_word' id='word_1_141' title='bbox 1506 3364 1584 3454; x_wconf 87' lang='lat' dir='ltr'>CC)</span> 
     </span>
     <span class='ocr_line' id='line_1_23' title="bbox 387 3492 1171 3566; baseline 0.001 -2"><span class='ocrx_word' id='word_1_142' title='bbox 387 3493 588 3566; x_wconf 87' lang='lat' dir='ltr'>solutionis</span> <span class='ocrx_word' id='word_1_143' title='bbox 609 3492 879 3566; x_wconf 86' lang='lat' dir='ltr'>acidimetricae</span> <span class='ocrx_word' id='word_1_144' title='bbox 900 3493 1171 3566; x_wconf 85' lang='lat' dir='ltr'>decinormalis.</span> 
     </span>
    </p>
   </div>
   <div class='ocr_carea' id='block_1_6' title="bbox 489 3849 1480 3994">
    <p class='ocr_par' dir='ltr' id='par_1_6' title="bbox 489 3849 1480 3994">
     <span class='ocr_line' id='line_1_24' title="bbox 489 3849 1480 3994; baseline -0.004 -30"><span class='ocrx_word' id='word_1_145' title='bbox 489 3852 711 3964; x_wconf 83' lang='lat' dir='ltr'>ilcidum</span> <span class='ocrx_word' id='word_1_146' title='bbox 736 3850 1209 3994; x_wconf 81' lang='lat' dir='ltr'>hydrochloricum</span> <span class='ocrx_word' id='word_1_147' title='bbox 1235 3849 1480 3960; x_wconf 87' lang='lat' dir='ltr'>dilutum.</span> 
     </span>
    </p>
   </div>
   <div class='ocr_carea' id='block_1_7' title="bbox 667 4080 1331 4160">
    <p class='ocr_par' dir='ltr' id='par_1_7' title="bbox 667 4080 1331 4160">
     <span class='ocr_line' id='line_1_25' title="bbox 667 4080 1331 4160; baseline -0.002 0"><span class='ocrx_word' id='word_1_148' title='bbox 667 4081 844 4160; x_wconf 85' lang='lat' dir='ltr'>Acidum</span> <span class='ocrx_word' id='word_1_149' title='bbox 866 4081 1126 4160; x_wconf 87' lang='lat' dir='ltr'>muriaticum</span> <span class='ocrx_word' id='word_1_150' title='bbox 1150 4080 1331 4159; x_wconf 84' lang='lat' dir='ltr'>dilutum.</span> 
     </span>
    </p>
   </div>
   <div class='ocr_carea' id='block_1_8' title="bbox 386 4273 1158 4377">
    <p class='ocr_par' dir='ltr' id='par_1_8' title="bbox 386 4273 1158 4377">
     <span class='ocr_line' id='line_1_26' title="bbox 386 4273 1158 4377; baseline 0.004 -26"><span class='ocrx_word' id='word_1_151' title='bbox 386 4279 488 4371; x_wconf 88' lang='lat' dir='ltr'>Rpe:</span> <span class='ocrx_word' id='word_1_152' title='bbox 524 4275 621 4352; x_wconf 79' lang='lat' dir='ltr'>loidi</span> <span class='ocrx_word' id='word_1_153' title='bbox 641 4274 912 4377; x_wconf 75' lang='lat' dir='ltr'>hydrooblorloi</span> <span class='ocrx_word' id='word_1_154' title='bbox 933 4273 1158 4354; x_wconf 80' lang='lat' dir='ltr'>conccutruti</span> 
     </span>
    </p>
   </div>
   <div class='ocr_carea' id='block_1_9' title="bbox 522 4424 1606 4651">
    <p class='ocr_par' dir='ltr' id='par_1_9' title="bbox 522 4424 1606 4651">
     <span class='ocr_line' id='line_1_27' title="bbox 929 4424 1585 4520; baseline 0.003 -25"><span class='ocrx_word' id='word_1_155' title='bbox 929 4430 1126 4520; x_wconf 68' lang='lat' dir='ltr'>grammata</span> <span class='ocrx_word' id='word_1_156' title='bbox 1144 4429 1278 4495; x_wconf 70' lang='lat' dir='ltr'>certum</span> <span class='ocrx_word' id='word_1_157' title='bbox 1296 4424 1420 4520; x_wconf 75' lang='lat' dir='ltr'>oiqiutr&#39;</span> <span class='ocrx_word' id='word_1_158' title='bbox 1506 4424 1585 4497; x_wconf 75' lang='lat' dir='ltr'>luo</span> 
     </span>
     <span class='ocr_line' id='line_1_28' title="bbox 522 4549 1606 4651; baseline -0.002 -25"><span class='ocrx_word' id='word_1_159' title='bbox 522 4550 644 4651; x_wconf 77' lang='lat' dir='ltr'>llqno</span> <span class='ocrx_word' id='word_1_160' title='bbox 664 4550 871 4629; x_wconf 75' lang='lat' dir='ltr'>dentillutao</span> <span class='ocrx_word' id='word_1_161' title='bbox 933 4558 1130 4648; x_wconf 69' lang='lat' dir='ltr'>grammata</span> <span class='ocrx_word' id='word_1_162' title='bbox 1148 4558 1279 4624; x_wconf 81' lang='lat' dir='ltr'>centum</span> <span class='ocrx_word' id='word_1_163' title='bbox 1299 4551 1468 4624; x_wconf 74' lang='lat' dir='ltr'>undecim.</span> <span class='ocrx_word' id='word_1_164' title='bbox 1507 4553 1578 4624; x_wconf 94' lang='grc'>111</span> <span class='ocrx_word' id='word_1_165' title='bbox 1602 4549 1606 4555; x_wconf 75' lang='grc'><strong>’</strong></span> 
     </span>
    </p>
   </div>
   <div class='ocr_carea' id='block_1_10' title="bbox 521 4697 1067 4792">
    <p class='ocr_par' dir='ltr' id='par_1_10' title="bbox 521 4697 1067 4792">
     <span class='ocr_line' id='line_1_29' title="bbox 521 4697 1067 4792; baseline 0 -22"><span class='ocrx_word' id='word_1_166' title='bbox 521 4699 646 4771; x_wconf 89' lang='lat' dir='ltr'>Misce.</span> <span class='ocrx_word' id='word_1_167' title='bbox 669 4699 722 4771; x_wconf 88' lang='lat' dir='ltr'>Sit</span> <span class='ocrx_word' id='word_1_168' title='bbox 741 4697 918 4792; x_wconf 85' lang='lat' dir='ltr'>ponderis</span> <span class='ocrx_word' id='word_1_169' title='bbox 942 4698 1067 4770; x_wconf 77' lang='grc'>1000.</span> 
     </span>
    </p>
   </div>
   <div class='ocr_carea' id='block_1_11' title="bbox 0 0 1762 5454">
    <p class='ocr_par' dir='ltr' id='par_1_11' title="bbox 0 0 1762 5454">
     <span class='ocr_line' id='line_1_30' title="bbox 0 0 1762 5454; baseline 0 0"><span class='ocrx_word' id='word_1_170' title='bbox 0 0 1762 5454; x_wconf 95' lang='lat' dir='ltr'> </span> 
     </span>
    </p>
   </div>
  </div>
 </body>
</html>
