3574 5454
874 520 1116 594 -150-

506 735 687 809 Solutioni
706 736 865 810 filtrutae
892 738 1039 832 tepidae
1069 736 1269 810 inducatur
1295 759 1363 827 gas
1393 737 1487 810 acidi
1522 738 1596 810 sul-

396 863 524 952 furosi,
559 863 660 956 quod
692 864 731 935 in
769 869 953 958 apparatu
988 864 1109 952 simili,
1145 865 1266 956 qualis
1300 865 1347 937 ad
1387 863 1595 955 parandam

397 1012 535 1083 aquam
556 991 673 1063 chlori
693 990 903 1084 descriptus
925 998 983 1065 est
1003 1014 1047 1064 ex

533 1133 823 1212 rorulentum!
845 1134 1031 1238 lngllcmi
1052 1159 1077 1207 r.
1099 1161 1130 1231 q.

400 1283 650 1357 calefaciendo
671 1305 756 1357 cum

536 1422 756 1502 cariculas
779 1426 922 1506 roditur
939 1427 1032 1505 trsls

398 1573 550 1661 elicitur,
572 1573 690 1646 donec
717 1575 857 1649 reactio
891 1579 1017 1647 cessat
1043 1578 1079 1644 et
1111 1572 1233 1665 liquor
1268 1573 1374 1645 acido
1407 1574 1594 1646 sulfuroso

400 1705 592 1773 saturatus
613 1707 682 1773 est.
705 1701 869 1776 Miscella
888 1705 959 1774 stet
973 1722 1064 1773 vase
1080 1705 1177 1773 tecto
1193 1702 1230 1772 iu
1245 1701 1327 1773 loco
1344 1701 1392 1772 ad
1411 1702 1591 1773 70-800

401 1826 594 1899 calefactu.
617 1827 727 1900 Horis
750 1829 891 1922 aliquot
906 1827 1056 1920 elapsis
1076 1829 1334 1921 praecipatum
1348 1827 1446 1900 filtro
1467 1828 1593 1901 collec-

397 1958 477 2025 tum
499 1975 598 2046 aqua
617 1955 805 2030 destillata
824 1956 962 2048 optime
983 1956 1064 2028 elue
1084 1961 1120 2028 et
1139 1955 1223 2028 loco
1243 1957 1404 2029 obscuro
1425 1956 1534 2028 sicca.

507 2081 634 2154 Pulvis
647 2083 893 2174 crystallinus
906 2081 1184 2174 subtilissimus,
1195 2084 1330 2157 coloris
1346 2084 1430 2172 albi,
1441 2085 1592 2156 reactio-

398 2208 456 2280 nis
483 2211 663 2296 neutrius
697 2209 881 2282 solutione
917 2210 1026 2282 nauii
1051 2209 1322 2304 hydrooxydati
1345 2211 1529 2302 nigrescit,
1559 2211 1595 2282 iu

398 2334 489 2407 tubo
509 2336 727 2426 probatorio
747 2337 883 2428 ignitus
903 2359 948 2410 ex
968 2339 1110 2429 integro
1131 2339 1315 2426 sublimat,
1336 2360 1497 2432 vapores
1510 2341 1595 2411 ruti-

397 2460 455 2534 los
475 2482 522 2533 ue
544 2462 640 2536 edat.

509 2589 603 2662 Cum
623 2613 723 2684 aqua
748 2592 934 2665 destillata
963 2599 1166 2684 quassatus
1196 2593 1380 2684 liquorem
1408 2593 1595 2686 praebeat,

400 2717 462 2808 qui
500 2738 570 2789 nec
614 2740 714 2812 aqua
748 2719 1060 2811 hydrosulfuratu,
1086 2740 1154 2793 nec
1188 2721 1304 2812 baryo
1346 2727 1410 2795 aut
1444 2725 1595 2811 urgento

399 2843 529 2916 uitrico
549 2850 724 2919 mutetur.

511 2973 686 3045 Servetur
707 2994 798 3046 vase
818 2973 890 3045 luci
909 2972 1100 3064 irnpervio

397 3409 1074 3545 lludmwwrmm
1126 3410 1597 3520 obturatum

901 3588 1105 3700 mtto

669 3783 1041 3867 sublimatione
1053 3789 1327 3888 puratum.

907 3979 1095 4062 Calomel.

506 4174 634 4246 Massa
649 4175 875 4267 crystallina,
893 4177 1156 4250 sublimatione
1173 4177 1336 4265 uhtenta,
1352 4177 1390 4250 in
1403 4177 1594 4270 pulverem

243 4333 245 4337 ·
397 4301 682 4374 subtilissimum
714 4304 878 4387 redacta,
919 4304 1057 4396 optime
1097 4325 1194 4396 aqua
1240 4303 1427 4377 destillata
1454 4303 1595 4376 fervida

396 4428 550 4516 eluatur,
572 4429 657 4501 dein
678 4429 761 4500 loco
780 4430 943 4504 obscuro
965 4431 1134 4504 siccetur.

505 4556 632 4630 Pulvis
653 4557 935 4648 subtilissimus
956 4559 1090 4633 ssavide
1117 4559 1239 4648 albus,
1266 4559 1302 4631 iu
1325 4579 1435 4651 aqua,
1465 4556 1593 4649 spiritu

398 4681 469 4753 viui
490 4688 525 4754 et
551 4685 701 4757 aethere
721 4685 871 4776 punitus
892 4686 1112 4772 insolubilis,
1133 4686 1271 4776 ignitus
1292 4685 1477 4766 sublimat,
1508 4686 1593 4777 quiu
