3574 5454
940 535 1175 607 -114-

459 754 556 842 loba,
583 753 776 846 palmatim
798 754 980 846 quinque·
997 757 1062 825 aut
1087 751 1275 842 minervia,
1309 753 1564 847 inaequaliter
1591 772 1671 823 cre-

457 882 729 970 mato-dentata,
757 880 1020 968 crassiuscula,
1046 880 1412 970 holoserico-mollia,
1437 882 1475 952 in
1496 884 1671 969 utraque

455 1015 561 1103 parte
580 1013 748 1082 lomento
769 1009 887 1082 denso
908 1030 928 1082 e
948 1008 1034 1101 pilis
1054 1009 1203 1100 magnis
1224 1009 1379 1082 stellatis
1397 1014 1510 1096 tecta,
1533 1029 1557 1079 e
1581 1005 1671 1077 sub-

456 1137 579 1229 griseo
599 1137 659 1209 vel
674 1159 694 1209 e
709 1136 930 1210 flavescenti
942 1135 1083 1224 viridia,
1100 1136 1247 1228 saporis
1262 1134 1540 1228 mucilaginosi.

567 1264 796 1356 Colligantur
815 1269 969 1354 aestate,
999 1265 1153 1336 llorente
1182 1265 1312 1356 planta
1340 1268 1378 1336 et
1404 1263 1554 1336 siccata
1589 1280 1670 1331 ser·

455 1397 600 1494 ventur.

568 1517 705 1614 Species
720 1519 936 1590 emollientes.
959 1515 1095 1613 Species
1105 1517 1305 1613 pectorales.

834 1875 987 1985 llolia
1012 1875 1274 1983 durantii.

566 2098 684 2173 Citros
712 2099 869 2195 culparis
896 2100 1045 2190 Risso,
1081 2102 1192 2173 arbor
1218 2099 1258 2201 in
1285 2100 1501 2190 regionibus
1524 2098 1666 2172 calidis

450 2228 568 2301 totius
589 2227 690 2301 orbis
713 2229 824 2301 culta.
846 2227 1028 2300 Rcdoceoe.
1044 2227 1267 2299 Aureolieoe.

560 2354 674 2445 Folia,
696 2377 781 2428 cum
801 2355 940 2447 petiolo
959 2355 1033 2428 late
1055 2355 1164 2442 alato,
1186 2355 1347 2428 obovalo
1366 2357 1428 2428 vel
1447 2353 1664 2428 obcordalo

450 2482 655 2570 articulata,
672 2483 974 2574 ovato-oblonga,
990 2486 1109 2570 acuta,
1124 2481 1361 2573 integerrima
1381 2488 1446 2554 aut
1463 2481 1662 2574 repando-

451 2609 854 2697 crenatosubserrata,
883 2609 1066 2701 pellucido
1086 2613 1275 2702 punctulo,
1306 2609 1444 2702 glabra,
1472 2609 1662 2696 cariacae,

449 2741 615 2810 saturale
639 2736 783 2825 viridia,
805 2737 1006 2810 siccatione
1021 2737 1173 2829 pallida,
1198 2737 1327 2828 rigida,
1347 2737 1505 2826 tenacia,
1528 2737 1662 2809 odoris

452 2864 594 2953 debilis,
611 2870 713 2956 grate
734 2865 937 2955 aromatici,
954 2867 1101 2959 saporis
1121 2864 1550 2952 subamaro-aromatici,
1568 2865 1660 2938 sub·

451 2991 733 3083 adstringentis,

594 3317 839 3430 lulla
886 3323 1498 3432 Bellmlommw.

559 3558 696 3652 Aeropo
708 3557 1070 3645 nettadonnaninn„
1083 3558 1407 3650 plantaperennis,
1419 3560 1458 3632 in
1477 3560 1659 3654 Europae

448 3684 524 3757 fere
544 3685 657 3757 totius
681 3685 906 3772 nemoribus
933 3685 1115 3776 imprimis
1136 3687 1334 3775 montanis
1364 3709 1552 3762 crescens.
1588 3687 1658 3762 So·

448 3809 616 3882 looaceoe.

556 3938 660 4011 Folia
684 3943 805 4027 ovata,
827 3939 987 4033 elliptica
1018 3947 1082 4012 aut
1112 3941 1411 4032 ovato-oblonga,
1441 3949 1563 4032 acuta,
1595 3947 1657 4018 vel

450 4066 675 4155 acuminata,
706 4067 742 4137 in
768 4067 947 4158 petiolum
971 4068 1122 4140 brevem
1138 4068 1358 4158 desinentia,
1379 4091 1502 4161 usque
1518 4072 1568 4144 ad
1584 4073 1661 4145 tria

449 4193 651 4266 decimema
665 4195 790 4285 longa,
801 4194 1048 4285 integerrima,
1063 4196 1201 4284 tenuia,
1216 4200 1319 4269 tactu
1334 4197 1472 4286 mollia,
1487 4220 1660 4292 superne

448 4321 603 4393 obscure
623 4322 683 4394 vel
704 4343 749 4394 ex
770 4321 949 4394 subfusco
972 4322 1113 4411 viridia,
1135 4323 1272 4414 glabra,
1294 4325 1427 4397 subtus
1442 4326 1660 4417 pallidiora,

447 4447 710 4539 glabriuscma
729 4449 814 4541 pilis
833 4449 1036 4522 rarissimis
1057 4449 1299 4542 simplicibus·
1317 4452 1451 4544 partim
1466 4454 1659 4545 glanduli-

447 4574 545 4664 feriS,
566 4575 707 4650 siccata
726 4576 764 4648 in
785 4581 944 4670 utraque
964 4583 1079 4669 parte,
1094 4582 1246 4670 propter
1261 4578 1414 4652 cellulas
1429 4583 1663 4676 mesophylli

447 4702 631 4794 crystallis
662 4703 766 4776 calcii
800 4704 936 4779 oxalici
969 4704 1229 4779 minutissimis
1248 4705 1419 4798 repletas
1448 4708 1664 4784 tuberculis
