3502 5454
916 565 1130 636 -62-

428 779 503 852 620
550 781 741 871 ebulliens,
779 782 818 854 iu
861 805 962 876 aqua
1002 783 1236 877 perpaulum,
1284 782 1322 854 in
1361 782 1497 875 spiritu
1544 778 1641 866 vini,

428 883 579 981 aethei-e
599 913 636 981 et
655 910 746 982 oleis
766 910 968 1003 pinguibus
988 910 1093 983 saeue
1110 909 1293 983 somnus.

535 1034 850 1111 Chlorosormium
878 1038 917 1111 in
945 1038 1038 1111 tubo
1066 1035 1283 1130 probatorio
1318 1058 1405 1109 cum
1437 1035 1640 1109 solutione

427 1163 631 1255 spirituosa
658 1164 745 1236 kalii
773 1164 1047 1257 hydrooxydati
1082 1169 1118 1238 et
1152 1162 1292 1236 anilino
1322 1162 1503 1237 sulfurico
1535 1161 1641 1235 cale·

426 1292 567 1364 lactum
596 1291 751 1364 odorem
779 1297 1039 1385 penetrantem
1067 1297 1105 1364 et
1133 1292 1445 1366 insuavissimum
1475 1291 1638 1366 excitat.

535 1416 849 1492 Chloroformium
868 1441 887 1490 e
908 1418 1036 1512 palma
1054 1440 1192 1492 manus
1213 1418 1381 1491 celeriter
1400 1418 1538 1507 avolet,
1563 1438 1639 1490 nec

426 1547 582 1620 odorem
616 1547 781 1619 animam
813 1547 1133 1637 intercludentem,
1171 1546 1231 1620 vel
1265 1547 1640 1638 empyreumaticum

426 1674 485 1746 vel
514 1673 744 1746 fermentolei
767 1672 927 1746 similem
950 1672 1153 1765 relinquat;
1175 1694 1262 1746 cum
1281 1672 1418 1766 duplici
1433 1673 1639 1747 volumine

427 1821 547 1892 aquae
577 1799 784 1874 destillatae
811 1806 1124 1892 conquassatum,
1159 1821 1260 1893 aqua
1291 1822 1360 1873 uec
1398 1800 1640 1873 solutionem

424 1928 550 2002 laccae
576 1929 696 2000 musci
715 1929 930 2017 rubeiaciat,
964 1949 1034 2002 nec
1069 1927 1298 2001 solutionem
1332 1929 1477 2020 argenti
1506 1927 1639 2000 uitrici

426 2056 561 2128 turbet.
597 2055 692 2129 Cum
724 2054 910 2128 solutione
950 2075 1098 2149 aquosa
1129 2056 1217 2127 kalii
1246 2055 1367 2147 jodati
1401 2061 1639 2148 quassatum

427 2182 590 2256 colorem
625 2183 832 2255 violaceum
860 2204 907 2256 ne
940 2183 1092 2260 induat:
1133 2204 1218 2254 cum
1251 2183 1400 2274 aequali
1432 2183 1638 2256 volumine

427 2309 522 2383 acidi
560 2310 726 2382 sulfurici
769 2311 997 2384 concentrati
1036 2311 1072 2382 in
1112 2311 1203 2382 tubo
1248 2309 1464 2403 probatorio
1508 2312 1637 2404 probe

427 2438 568 2510 siccato
598 2443 896 2530 conquassatum
925 2438 1025 2510 intra
1058 2458 1174 2510 unam
1202 2438 1336 2511 horam
1367 2438 1521 2511 decolor
1548 2460 1638 2532 per-

427 2570 588 2637 maneat.

537 2693 713 2765 Servetur
737 2692 777 2765 in
802 2693 937 2784 lagena
962 2692 1101 2786 optime
1129 2693 1258 2766 clausa
1279 2714 1303 2764 a
1321 2692 1403 2765 luce
1424 2697 1637 2783 remotum,

534 2946 981 3057 vocaturum
1016 2948 1517 3080 aponoculo·

879 3111 1178 3220 rictam.

536 3329 664 3402 Pulvis
699 3330 939 3421 crystallinus
969 3330 1091 3420 albus
1121 3331 1181 3403 vel
1212 3330 1375 3421 crystalli
1405 3328 1633 3417 aciculareS,

428 3455 632 3548 decolores
660 3458 813 3552 saporis
842 3458 1043 3547 subamari,
1072 3457 1317 3532 indolentiam
1345 3457 1493 3549 linguae
1522 3457 1634 3529 brevi

429 3591 595 3677 tempore
623 3586 887 3678 persistentem
926 3585 1079 3674 cientes,
1118 3585 1156 3657 in
1200 3606 1311 3677 aqua,
1361 3584 1491 3677 spiritu
1542 3583 1633 3671 vini,

430 3713 579 3786 aethere
599 3717 635 3783 et
655 3712 918 3786 chloroformio
948 3713 1054 3786 sacile
1080 3711 1273 3802 solubiles
1306 3711 1507 3785 reactionis
1539 3732 1634 3784 neu·

389 3899 390 3903 a
428 3841 533 3914 trius.

538 3967 853 4060 Centigrammata
887 3969 1062 4062 quinque,
1096 3969 1134 4040 in
1166 3969 1257 4042 tubo
1286 3967 1503 4062 probatorio
1544 3989 1636 4039 cum

431 4094 645 4168 centimetro
666 4095 795 4168 cubico
821 4115 897 4168 uno
924 4095 1019 4169 acidi
1039 4094 1203 4168 sull'urici
1232 4100 1470 4168 conceutrato
1499 4094 1634 4180 mixta,

430 4223 511 4295 sine
531 4223 607 4295 ullo
623 4222 745 4294 colore
762 4224 975 4311 solvantur;
996 4223 1118 4316 liquor
1132 4245 1199 4315 per
1217 4223 1310 4296 duas
1325 4228 1447 4296 tresve
1462 4221 1636 4296 minutas

430 4351 479 4422 ad
498 4356 789 4442 temperaturam
814 4351 1049 4423 tuo-1500
1073 4351 1296 4424 fervefactus
1322 4373 1365 4423 ac
1389 4355 1471 4423 tum
1491 4349 1530 4421 in
1549 4349 1636 4438 tria,

430 4478 488 4549 vel
535 4484 696 4570 quatuor
733 4477 950 4551 centimetra
993 4477 1123 4550 cubica
1166 4500 1288 4570 aquae
1336 4477 1495 4564 inlusus
1544 4499 1638 4550 mox

430 4605 561 4679 emittit
576 4607 770 4696 crystallus
786 4604 880 4677 acidi
894 4607 1070 4696 benzoici,
1087 4606 1177 4679 dum
1190 4606 1315 4697 liquor
1329 4605 1451 4676 levem
1466 4603 1639 4696 quidem,

430 4735 498 4807 sed
518 4753 676 4806 suavem
696 4732 853 4806 odorem
870 4733 1010 4825 recipit.
