3576 5454
883 575 1124 648 -198-

401 812 421 862 e
441 790 545 864 viridi
571 792 719 879 ssavum,
741 792 866 864 odoris
878 791 1275 884 aromaticipeculiaris
1287 796 1324 864 et
1335 791 1437 883 grati,
1459 793 1604 885 saporis

400 919 527 1006 amari,
562 918 753 991 aromatici
781 922 818 991 et
846 919 953 1006 acris,
987 918 1164 1011 ponderis
1194 940 1294 1011 spec.
1329 920 1431 1008 0·85‚
1469 941 1603 992 versus

405 1046 504 1117 1700
533 1045 671 1119 ebullit.

799 1258 984 1367 Oleum
1008 1259 1197 1370 llicini.

511 1445 539 1516 Ε
570 1446 777 1519 seminibus
816 1446 938 1518 Ricina·
985 1447 1176 1518 colummis
1215 1442 1378 1540 (Linn.)
1409 1444 1599 1518 mundatis

406 1573 650 1664 expressione
685 1574 881 1646 obtentum
916 1574 1040 1646 oleum
1073 1574 1211 1666 pingue
1246 1579 1304 1646 est
1337 1572 1533 1664 limpidum
1566 1576 1602 1644 et

403 1700 497 1772 adeo
518 1701 675 1790 lentum,
699 1706 741 1773 ut
760 1701 798 1772 iu
817 1701 881 1773 sila
902 1701 1063 1774 distrahi
1092 1702 1224 1794 possit,
1259 1701 1411 1774 decolor
1431 1704 1497 1771 aut
1514 1700 1601 1772 sub-

404 1829 554 1916 llavum,
577 1829 725 1921 saporis
746 1829 910 1921 primurn
928 1829 1068 1918 blandi,
1103 1835 1183 1901 tum
1212 1827 1402 1901 inamoeni
1422 1825 1603 1914 Subaris,

403 1954 529 2026 odoris
559 1976 703 2048 expers,
734 1956 911 2048 ponderis
941 1979 1042 2048 spec.
1075 1957 1383 2043 uaso—uuio,
1409 1954 1447 2025 in
1473 1955 1604 2046 spiritu

401 2082 477 2154 vini
510 2087 749 2156 conuenirato
779 2083 950 2156 facillime
978 2083 1161 2172 solubilis,
1192 2084 1261 2156 sub
1282 2085 1533 2175 temperatura
1551 2082 1599 2152 0ο

404 2210 572 2283 flocculis
606 2211 830 2301 crystallinis
865 2211 1131 2284 secedentibus
1169 2210 1360 2283 turbidum
1394 2207 1529 2280 evadit.
1563 2206 1603 2278 ln

404 2337 534 2409 stratis
555 2338 729 2410 tenuibus
750 2338 850 2409 lente
874 2336 1057 2410 siccescit.

512 2463 645 2538 Oleum
673 2465 785 2538 nimis
813 2466 991 2558 spissum,
1022 2463 1216 2537 rancidum
1242 2468 1278 2535 et
1305 2484 1388 2535 acre
1408 2461 1603 2554 rejiciatur.

517 2591 716 2664 (loliorum
737 2593 927 2664 elasticum.

805 2823 989 2931 lllcum
1011 2822 1200 2931 llusae.

514 3009 647 3084 Oleum
683 3010 902 3083 aethereum
938 3033 957 3082 e
994 3010 1148 3083 floribus
1188 3009 1456 3082 nonnullarum
1494 3007 1603 3080 liosae

403 3138 623 3231 specierum,
644 3139 683 3210 in
711 3137 887 3229 Bulgaria
916 3138 1109 3227 cultarum,
1145 3135 1395 3209 destillatione
1418 3141 1601 3229 paratum,

401 3267 625 3354 flavescens
638 3265 889 3358 subspissum,
904 3265 975 3337 sub
989 3269 1244 3356 temperatura
1259 3263 1304 3336 lu
1318 3264 1363 3335 ad
1381 3265 1457 3336 150
1472 3262 1600 3334 solide-

403 3413 525 3481 scens
547 3392 673 3465 odoris
692 3392 980 3484 fragrantissimi
998 3392 1133 3464 florum
1141 3389 1280 3479 Busae,
1301 3389 1446 3483 saporis
1465 3389 1600 3476 blandi,

403 3518 610 3608 subdulciS,
631 3519 809 3611 ponderis
826 3517 992 3611 specifici
1011 3519 1143 3591 0860.
1164 3518 1240 3591 Sub
1256 3523 1510 3610 temperatura
1526 3517 1597 3588 ab

403 3647 560 3719 solvitur
592 3645 632 3718 in
665 3645 821 3738 triginta
855 3646 999 3720 circiter
1029 3645 1201 3738 partibus
1231 3645 1385 3738 spiritus
1410 3645 1486 3717 vini
1516 3665 1599 3716 con-

404 3774 572 3847 centrati.
595 3773 697 3845 Haec
717 3771 856 3845 solutio
877 3773 1043 3846 chartam
1065 3771 1354 3864 exploratoriam
1382 3772 1600 3858 caeruleam,

403 3923 503 3994 aqua
524 3901 781 3972 humectatam
801 3921 847 3973 ne
866 3900 1085 3973 rubefaciat.

512 4029 632 4123 Aqua.
661 4025 879 4124 Unquenlum
899 4032 1069 4099 rosatum.

712 4257 913 4376 ¹(ileum
939 4257 1259 4376 llusmarini.

828 4449 968 4530 Oleum
992 4449 1167 4528 Anthus

512 4613 540 4684 E
570 4611 667 4684 foliis
698 4608 914 4683 Rosmarini
942 4612 1126 4701 paratum,
1164 4609 1213 4680 sit
1245 4607 1453 4698 limpidum,
1481 4613 1601 4694 tenue,

404 4741 538 4812 coloris
560 4760 692 4831 expers
715 4739 773 4810 vel
794 4738 1012 4825 llavescens,
1035 4733 1602 4827 odorisRosmarinipeculiariS‚
