3574 5454
918 575 1126 648 -100-

535 790 876 881 Effervescentiam,
898 792 1091 886 quaejam
1116 793 1283 868 nascitur
1306 793 1473 884 nimiam,
1496 789 1639 866 addita

427 917 561 1008 exigua
581 919 789 1011 quantitate
808 919 963 1012 spiritus
982 921 1057 993 vini
1077 925 1256 1014 tempera.

533 1045 736 1119 Reactione
755 1052 908 1140 peracta
922 1047 1114 1121 cucurbita
1130 1069 1229 1141 aqua
1241 1048 1407 1121 bullienti
1422 1049 1637 1142 impleatur

425 1179 461 1247 et
474 1174 603 1247 leviter
618 1180 717 1246 tecta
735 1181 950 1268 seponatur,
965 1175 1085 1248 donec
1099 1177 1383 1270 praecipitatum
1399 1173 1635 1250 subsederit.

426 1301 509 1389 Quo
525 1302 623 1373 facto
638 1301 819 1393 liquidum
834 1307 1086 1395 supernatans
1103 1302 1276 1395 siphonis
1287 1325 1358 1396 ope
1370 1302 1634 1386 abstrahatur,

425 1429 618 1502 cucurbita
655 1451 788 1502 rursus
818 1451 918 1522 aqua
955 1431 1122 1504 bullienti
1160 1431 1370 1524 impleatur,
1414 1431 1634 1503 sedimento

426 1557 598 1649 deposito
617 1557 801 1650 liquidum
821 1559 946 1631 denuo
963 1560 1213 1632 abstrahatur.
1242 1557 1284 1631 Id
1298 1558 1441 1632 tamdiu
1455 1559 1633 1646 iteretur,

426 1685 546 1758 donec
566 1706 665 1778 aqua
683 1685 817 1758 lotoria
835 1685 951 1778 baryo
971 1686 1102 1759 nitrico
1123 1687 1182 1758 rix
1202 1687 1384 1760 turbetur.

535 1812 792 1885 Sedimentum
810 1812 923 1885 linteo
944 1813 1140 1887 collectum
1160 1835 1230 1906 ope
1241 1813 1332 1906 preli
1344 1813 1547 1886 fortissime
1559 1834 1632 1885 ex·

423 1941 616 2035 primatur,
638 1939 789 2013 demum
809 1961 895 2013 curn

562 2065 732 2143 bacolan
752 2065 934 2167 pulcanti
965 2067 1135 2164 promotis
1153 2067 1308 2140 damulis
1542 2067 1632 2140 900

423 2197 582 2270 mixtum
601 2196 640 2268 in
659 2196 794 2268 balneo
815 2217 935 2288 aquae
956 2197 1121 2270 celeriter
1140 2197 1299 2270 siccetur
1314 2200 1350 2267 et
1364 2195 1401 2268 in
1417 2217 1507 2268 vase
1523 2183 1633 2268 bene

425 2325 552 2398 clauso
573 2327 753 2396 servetur.

532 2451 661 2523 Pulvis
694 2452 742 2524 sit
776 2451 910 2523 coloris
940 2472 960 2523 e
986 2451 1091 2524 viridi
1125 2451 1271 2542 cinerei,
1307 2450 1453 2544 saporis
1488 2448 1632 2536 dulciS,

424 2579 631 2671 ferruginei,
643 2579 680 2650 in
692 2578 798 2650 acido
809 2577 1094 2669 hydrochlorico
1104 2579 1343 2653 vehementer
1354 2579 1633 2660 effervescens;

424 2709 590 2780 solvatur
608 2706 646 2778 in
665 2704 848 2798 liquorem
868 2727 913 2778 ex
931 2706 1038 2779 viridi
1062 2707 1211 2797 flavum,
1234 2706 1297 2798 qui
1313 2727 1412 2798 aqua
1427 2703 1635 2795 hydrosul-

423 2835 546 2907 furata
563 2854 632 2907 nec
652 2833 837 2907 coloretur
865 2854 934 2906 nec
962 2834 1247 2926 praecipitatum
1280 2833 1455 2925 deponat.
1477 2831 1634 2904 Solutio

422 2981 578 3053 aquosa,
590 2959 698 3033 acido
712 2961 997 3053 hydrochlorico
1011 2983 1059 3034 ne
1068 2963 1156 3054 plus
1167 2981 1281 3053 quarn
1291 2980 1388 3052 opus
1405 2964 1462 3032 est
1476 2959 1635 3048 effecta,

421 3088 539 3180 baryo
558 3089 689 3161 nitrico
709 3109 758 3161 ne
777 3088 904 3160 statim
922 3089 1101 3162 turbetur.

532 3216 711 3288 Gramma
729 3236 849 3288 unum
873 3216 1084 3307 praeparati
1104 3216 1142 3288 in
1162 3217 1285 3288 catino
1308 3214 1450 3288 iteratis
1473 3212 1635 3286 vicibus

423 3343 529 3414 acido
549 3343 680 3415 nitrico
709 3343 966 3414 humectatum
999 3348 1035 3416 et
1068 3339 1327 3415 candefactum
1347 3341 1558 3430 residuum,
1583 3361 1637 3413 ex

422 3468 519 3542 ferro
535 3469 697 3562 oxydato
713 3475 906 3560 constans,
922 3469 1119 3563 relinquat,
1136 3469 1242 3562 cujus
1256 3469 1407 3562 pondus
1423 3469 1637 3542 minimum

422 3597 471 3670 sit
490 3598 579 3671 bill
601 3603 861 3690 grammatum.

532 3725 573 3798 ln
611 3731 797 3819 apparatu
835 3725 991 3798 Marshii
1030 3724 1287 3797 examinatum
1324 3744 1371 3797 ne
1419 3723 1639 3816 vestigium

423 3851 575 3944 quidem
595 3853 738 3946 speculi
758 3852 918 3926 arsenici
936 3853 1128 3946 praebeat.

556 4247 781 4356 llerrum
809 4249 1051 4356 altricum
1077 4250 1477 4356 ammoniacum.

530 4473 719 4546 Lamellae
753 4494 798 4545 ex
832 4473 939 4545 fusco
968 4472 1113 4560 rubrae,
1142 4472 1294 4561 nitidae,
1328 4472 1551 4565 amorphae,
1590 4473 1635 4545 in

422 4621 522 4692 aqua
557 4600 692 4691 frigida
728 4600 836 4672 facile
876 4599 1067 4673 solubiles.
1107 4600 1250 4674 Solutio
1298 4599 1495 4692 coquendo
1545 4621 1634 4672 uon

421 4728 604 4818 turbatur,
642 4749 727 4800 cum
767 4727 955 4800 solutione
993 4727 1081 4799 kalii
1099 4727 1385 4820 hydrooxydati,
1418 4747 1496 4800 non
1531 4749 1631 4799 verr
