3574 5454
646 548 890 623 -153-

284 768 378 841 Cum
399 766 712 859 aqua-destillata
743 771 1024 858 conquassatus
1053 767 1237 858 liquorem
1268 789 1370 860 prae·

176 895 273 984 beat,
291 894 353 988 qui
368 893 527 967 filtratus
545 893 679 967 coloris
697 915 842 986 expers
862 913 931 964 nec
951 913 1051 986 aqua
1069 893 1374 985 lrydrosulsurata

176 1027 349 1108 mutetur,
382 1042 451 1094 nec
485 1023 582 1094 ferro
619 1021 794 1094 sulfurico
835 1020 1011 1110 admixto,
1063 1022 1095 1093 si
1142 1023 1248 1095 acido
1297 1024 1371 1095 sul-

176 1149 292 1221 surico
314 1152 555 1221 concentrato
576 1147 868 1241 superfunditur,
889 1147 1052 1220 colorem
1068 1149 1215 1222 fuscum
1231 1149 1372 1224 induat.

287 1275 459 1350 Continet
495 1277 534 1349 in
573 1282 724 1349 centum
761 1275 933 1369 partibus
972 1275 1114 1349 circiter
1159 1276 1209 1349 du
1247 1283 1375 1371 partes

176 1403 419 1497 Hydrargyri.

477 1724 763 1867 Hydrunte!
789 1727 1073 1836 lnlontum.

177 1951 277 2044 Rpe:
314 1947 430 2026 infusi
451 1945 590 2026 Somno
611 1971 689 2025 oum
711 1948 836 2026 Manu
879 1958 1078 2047 praemunio
1100 1951 1272 2046 trinpintu
1322 1951 1372 2024 30

316 2073 445 2176 Syrupi
466 2073 603 2154 Scurrae
624 2099 702 2152 cun
726 2074 848 2154 llum
901 2084 1104 2174 praeuncta
1119 2078 1236 2150 dorem.
1328 2080 1373 2151 10

285 2223 411 2296 Misce.

585 2620 966 2762 lolrtlryooolla.

623 2847 733 2930 Colla
755 2850 938 2952 piscium.

285 3046 488 3142 Acciperzser
521 3045 620 3117 Huso
653 3047 788 3137 Linn.,
811 3047 1016 3142 Acciperuser
1034 3047 1191 3118 stellatus
1211 3044 1375 3137 Pallas,

176 3173 381 3268 Accipeneer
413 3173 596 3246 Bulliones
627 3175 763 3262 Linn.‚
801 3175 971 3266 aliaeque
1011 3174 1157 3266 species
1195 3172 1376 3265 Accipen·

177 3321 317 3390 serum,
337 3300 462 3393 pisces
484 3324 586 3375 mare
606 3303 765 3395 nigrum,
786 3301 997 3394 Caspicum,
1018 3301 1247 3394 fluminaque
1273 3301 1377 3373 inea

176 3449 297 3520 aquas
319 3428 549 3502 effundentia
568 3430 832 3503 inhabitantes.
859 3427 1052 3501 Gonoideo.

153 3645 156 3654 Ι
286 3555 422 3627 Vesica
436 3558 632 3646 natatoria,
649 3558 812 3630 atunica
829 3556 1009 3629 exteriore
1025 3556 1157 3629 orbata
1173 3559 1208 3627 et
1224 3555 1375 3645 siccata,

176 3681 215 3755 in
255 3681 414 3756 lamellis
449 3685 771 3774 subdecoloribuS,
820 3684 1030 3777 diaphaniS,
1078 3682 1375 3772 iridescentihus,

178 3809 442 3900 tenacissimis,
459 3812 654 3900 flexilibus
674 3811 1011 3900 fibroso-loliaceis,
1027 3833 1094 3904 per
1108 3811 1377 3903 longitudinem

175 3936 368 4027 fissilibus
388 3937 568 4026 inodoris,
588 3937 770 4030 insipidis.

286 4065 540 4158 Ichthyocolla
560 4066 598 4138 in
618 4086 718 4158 aqua
748 4066 950 4158 aequaliter
969 4065 1153 4154 tumescit,
1179 4066 1376 4157 evaditque

177 4193 415 4286 impellucida
434 4199 470 4266 et
490 4193 625 4266 coloris
647 4193 737 4280 albi;
757 4194 796 4266 in
816 4216 915 4286 aqua
931 4195 1073 4266 fervida
1094 4199 1130 4266 et
1147 4193 1279 4286 spiritu
1303 4193 1377 4266 vini

178 4343 223 4394 ex
249 4326 328 4393 toto
352 4321 429 4394 iere
456 4321 612 4394 solvitur
629 4321 668 4393 in
688 4322 870 4414 liquorem
891 4321 1098 4395 admodum
1120 4320 1377 4411 glutinantem,

178 4448 241 4541 qui
280 4453 546 4521 concontratus
587 4453 624 4521 et
670 4449 911 4540 refrigeratus
960 4447 1162 4538 gelatinam
1210 4447 1377 4539 spissam

177 4575 347 4665 praehet.
403 4647 406 4656 ,

287 4720 533 4818 Ernplastrum
552 4719 799 4818 duplicandos.
