3574 5454
664 576 877 649 „89-

282 793 471 866 Humecta
488 794 683 887 pulverem
703 793 743 866 in
761 813 853 866 vase
873 793 1111 886 porcellaneo
1133 811 1219 863 curn

311 915 468 1017 Spiritus
488 917 564 995 Virri
584 917 692 998 diluti
723 945 754 1018 q.
773 943 799 993 s.

175 1046 266 1140 quin
286 1047 541 1141 conglobetur.
562 1049 710 1140 Sepone
729 1069 798 1141 per
816 1048 961 1121 horam.

283 1176 382 1250 Tum
401 1175 528 1268 ingere
547 1196 714 1248 massam
743 1175 781 1248 in
809 1179 1033 1276 apparatum
1060 1173 1315 1266 depulsorium
1336 1181 1375 1246 et

173 1303 441 1395 superaffunde

310 1423 467 1528 Spiritus
487 1428 561 1504 Vini
582 1428 691 1505 diluti
718 1427 1037 1527 praeminando.
1268 1409 1371 1501 1000

284 1556 432 1630 Macera
449 1578 518 1650 per
535 1556 664 1648 viginti
684 1563 768 1630 octo
788 1557 914 1631 horas.
942 1557 1024 1630 Hoc
1048 1559 1216 1647 tempore
1242 1556 1372 1648 elapso

173 1682 236 1754 fae
255 1682 442 1776 liquorem
462 1685 626 1758 defluere
647 1690 683 1760 et
702 1707 769 1778 per
787 1685 889 1758 vices
908 1683 1060 1757 affunde

310 1805 467 1909 Spiritus
488 1809 565 1887 tini
585 1811 695 1888 diluti
721 1819 959 1908 prontrnatum
980 1812 1053 1884 tria
1073 1811 1197 1882 mittio.
1266 1809 1371 1883 3000

281 1937 465 2031 Liquores
500 1939 675 2014 collectos
708 1939 747 2012 in
779 1939 915 2012 balneo
950 1960 1070 2033 aquae
1101 1937 1323 2012 destillando
1350 1958 1372 2009 3

173 2064 303 2157 spirim
321 2064 397 2137 vini
415 2065 540 2154 libera,
560 2068 751 2141 residuum
770 2068 809 2141 in
829 2067 965 2142 balneo
986 2089 1108 2159 aquae
1129 2065 1370 2158 evaporando

174 2193 221 2264 ad
242 2193 526 2266 consistentiam
545 2196 699 2268 extracti
725 2194 837 2288 spissi
857 2195 992 2287 redige.

371 2592 869 2703 ldoedraomm
911 2589 1169 2704 Modo.

172 2849 273 2942 Rpe:
308 2847 414 2925 ΔΙοδε
433 2847 645 2951 pulverum
714 2856 916 2947 grammata
936 2850 1124 2948 quinqema
1290 2849 1372 2940 500,

172 2976 276 3050 solve
295 2975 334 3050 in

318 3102 439 3201 Aquae
458 3099 667 3180 destitutae
688 3101 877 3182 tuitionis

714 3232 885 3328 prammr's
909 3229 1041 3304 duobus
1059 3230 1213 3304 millibus
1231 3238 1261 3302 et

774 3359 969 3456 quinquus
1261 3360 1368 3434 2500

171 3485 242 3558 sub
257 3490 439 3579 perpetua
455 3484 665 3578 agitatione.
682 3483 828 3578 Sepone
843 3507 912 3578 per
928 3486 1022 3559 duas
1038 3485 1116 3558 dies
1128 3485 1210 3558 loco
1221 3485 1367 3578 frigido,

172 3616 252 3685 tum
288 3612 473 3706 liquorem
509 3612 705 3706 limpidum
744 3613 931 3686 decantha
969 3617 1005 3685 et
1041 3612 1233 3687 residuum
1272 3615 1366 3687 cola.

170 3739 351 3833 Liquores
371 3739 594 3813 commixtos
613 3739 749 3813 balneo
770 3762 891 3832 aquae
912 3741 959 3813 ad
979 3739 1119 3814 siecum
1138 3740 1275 3832 redige.

198 4193 719 4305 memorum·
750 4195 1370 4306 Beeraaomme

554 4355 983 4494 foliorum.

278 4615 434 4689 Paretur
449 4637 468 4687 e
484 4615 596 4688 Foliis
611 4615 865 4691 Belladonnae
880 4615 1083 4709 pulveratis
1098 4619 1139 4688 ut
1152 4613 1366 4688 Extractum

172 4742 326 4815 Aconiti.
