3598 5466
696 548 937 624 -291—

339 763 506 835 Massam
526 763 701 838 siccatam
721 764 876 837 immitte
895 765 932 835 in
954 763 1192 850 cruribulunr,
1213 765 1312 854 quod
1332 764 1427 836 bene

226 888 782 979 tectum,adincandescentiam
803 891 957 980 calefiat,
979 890 1156 982 quamdiu
1170 890 1424 981 parsemedio

224 1037 373 1088 massae
393 1019 574 1107 exempta,
594 1017 700 1089 acido
720 1017 843 1090 affuso
863 1017 1080 1090 effervescit.

335 1142 508 1234 Oxydum
526 1142 682 1234 ignitum
701 1143 739 1217 in
757 1145 949 1236 pulverem
967 1145 1159 1216 redactum
1178 1143 1317 1216 invase
1330 1143 1426 1216 bene

225 1271 354 1344 clauso
374 1291 493 1343 serva.

335 1397 389 1470 Sit
407 1396 529 1491 pulvis
546 1397 666 1485 albuS,
688 1397 844 1486 subtilis,
865 1398 1022 1470 durante
1042 1395 1218 1488 ignitione
1239 1398 1369 1484 flavuS,
1389 1397 1426 1468 in

228 1524 342 1598 acidis
377 1524 456 1597 sine
492 1523 776 1597 effervescentia
814 1525 994 1598 solubilis
1033 1523 1185 1613 Soluti0‚
1225 1545 1295 1616 ope
1333 1523 1426 1596 acidi

226 1651 353 1725 acetici
385 1651 528 1740 effecta,
563 1672 661 1744 aqua
689 1651 993 1743 hydrosulturata
1019 1650 1305 1743 praecipitatum
1333 1673 1426 1743 pure

225 1779 351 1852 album
370 1778 543 1868 demittat
568 1779 757 1851 ammonia
775 1779 921 1852 abunde
937 1777 1084 1868 adjecta
1097 1779 1253 1871 limpida
1264 1783 1424 1867 maneat,

226 1906 413 1980 ammonio
434 1907 576 1980 oxalico
588 1912 653 1980 aut
662 1906 782 1979 natrio
797 1904 1053 1999 phosphorico
1074 1927 1120 1978 ne
1140 1905 1322 1978 turbetur.

332 2034 458 2108 Pulvis
478 2034 582 2108 Zinci
601 2034 751 2125 oxydati
772 2055 857 2106 curn
878 2055 976 2126 aqua
1006 2032 1191 2106 destillata
1221 2039 1425 2125 quassatus

225 2162 410 2254 liquorem
423 2163 611 2255 praebeat,
628 2161 691 2254 qui
707 2161 866 2234 filtratus
887 2167 924 2233 et
944 2165 1169 2252 evaporatus
1189 2161 1265 2234 fere
1281 2161 1426 2234 nullum

226 2289 417 2364 residuum
436 2289 618 2382 relinquit.

368 2526 718 2654 limorum
754 2539 1285 2678 eutharicum.

337 2726 507 2818 Crystalli
526 2725 773 2818 prismaticae,
794 2725 997 2812 decolores,
1019 2723 1094 2796 adri
1114 2724 1215 2796 sicco
1237 2724 1427 2816 expositae

226 2856 324 2928 lente
335 2855 560 2940 fatiscentes
570 2855 609 2924 in
619 2841 718 2944 aqua
728 2851 898 2925 facillime
909 2851 1101 2924 solubiles.
1115 2851 1258 2924 Solutio
1272 2872 1428 2943 aquosa,

227 2983 425 3056 reactionis
442 2979 582 3068 acidae,
593 2981 719 3053 addito
731 2981 845 3072 baryo
858 2979 988 3052 nitrico
998 2979 1280 3071 praecipitatum
1291 2978 1429 3068 album,

227 3110 266 3182 in
302 3109 416 3182 acidis
453 3106 651 3180 insolubile
690 3106 866 3194 demittit;
905 3106 1065 3179 natrium
1104 3104 1431 3197 hydrooxydatum

227 3235 508 3329 praecipitatum
527 3234 662 3324 album,
682 3235 721 3307 in
741 3234 943 3308 excedente
957 3238 1133 3324 reagente
1149 3232 1307 3306 solubile
1321 3233 1432 3306 efficit

229 3369 265 3437 et
284 3384 328 3436 ex
347 3363 418 3436 hac
434 3362 618 3436 solutione
628 3384 727 3454 aqua
736 3360 1041 3453 hydrosulsurata
1052 3361 1197 3433 zincum
1208 3361 1430 3434 sulfuratum

228 3489 364 3562 coloris
385 3489 457 3562 albi
476 3491 685 3582 deponitur.

338 3616 479 3690 Solutio
496 3639 641 3710 aquosa
660 3617 708 3690 sit
724 3617 876 3690 decolor
892 3637 971 3704 nec,
989 3617 1095 3690 acido
1114 3615 1290 3689 sulfurieo
1307 3613 1430 3686 acidu-

229 3746 314 3834 lata,
348 3765 446 3836 aqua
478 3745 781 3836 hydrosulsurata
816 3745 998 3832 turbetur,
1036 3767 1106 3817 nec
1143 3743 1249 3817 acido
1282 3742 1431 3814 tannico

230 3872 404 3959 admixto
435 3871 597 3945 colorem
621 3876 937 3946 atramentaceum
955 3873 1093 3964 induat,
1122 3892 1192 3944 nec
1217 3869 1432 3942 abundante

230 3999 419 4072 ammonia
445 3999 725 4091 praecipitatum
763 3998 935 4090 deponat.
966 3999 1211 4091 Superaddito
1242 3995 1431 4068 ammonio

231 4127 410 4199 sulfurato
447 4126 629 4218 liquorem
661 4125 849 4217 praebeat,
884 4124 946 4216 qui
980 4147 1003 4196 a
1032 4125 1242 4197 sedimento
1272 4123 1431 4196 filtratus

232 4252 493 4345 evaporatione
513 4257 549 4324 et
567 4252 741 4344 ignitione
760 4252 951 4325 residuum
970 4253 1113 4325 nullum
1132 4251 1316 4343 relinquit.
1417 4285 1420 4292 ·

340 4379 382 4451 In
401 4385 582 4471 apparatu
615 4379 766 4452 Marabii
795 4383 989 4466 tentatum,
1018 4398 1065 4450 ne
1094 4379 1251 4470 vestigia
1275 4376 1432 4450 arsenici

231 4505 376 4598 prodat.

346 4633 536 4729 Collyrium
557 4631 778 4728 adstriuqcus
799 4631 939 4704 luteum
