3576 5454
879 525 1113 600 —R3R—

393 767 501 821 verso
521 746 743 840 praesertim
758 745 806 820 ad
822 747 967 820 initium
983 748 1112 820 annuli
1128 747 1310 840 cujusque
1327 747 1414 819 anni
1430 769 1586 821 concen-

392 875 473 949 trici
494 877 690 950 manifeste
708 897 857 968 poroso,
890 876 1004 948 radiis
1034 875 1303 949 medullaribus
1323 875 1586 964 subtilissimis,

391 1005 660 1098 approximatis
690 1009 855 1094 exarato,
886 1003 1010 1076 odoris
1039 1003 1290 1093 foeniculacei,
1321 1003 1468 1094 saporis
1497 1005 1586 1077 sub·

395 1131 524 1206 dulcis

497 1259 540 1334 In
577 1264 786 1332 mercatura
823 1259 974 1353 saepius
1012 1259 1163 1331 obvenit
1206 1259 1379 1332 scissum.
1429 1260 1585 1351 Lignum

387 1391 519 1478 trunci,
538 1393 704 1461 aromate
725 1388 799 1460 fere
820 1388 972 1459 omnino
984 1407 1124 1476 carens
1144 1385 1389 1476 rejiciendum
1410 1393 1477 1460 est.

498 1515 631 1610 Species
651 1513 858 1612 [ripaeorum.

752 1819 929 1928 Radix
955 1818 1219 1962 Senegao.

494 2043 664 2142 Polypolo
694 2043 821 2141 Senepu
854 2045 984 2135 Lino„
1013 2045 1145 2136 planta
1171 2043 1350 2136 perennis
1389 2044 1580 2117 Americae

387 2173 559 2245 borealis.
580 2172 838 2269 Polypoloceoc.

494 2300 617 2372 Radix
636 2301 786 2389 siccata,
807 2300 856 2372 ad
877 2297 1117 2372 decimetrum
1136 2300 1256 2390 longa
1270 2300 1341 2372 sub
1360 2300 1441 2371 basi
1461 2299 1581 2372 multi·

386 2426 493 2518 cipite
509 2426 920 2518 tuberculosomodosa,
941 2448 1054 2519 saepe
1066 2425 1228 2500 residuis
1240 2426 1396 2499 caulinis
1406 2427 1582 2519 praedita,

384 2575 468 2625 raro
484 2553 583 2625 ultra
602 2559 686 2625 octo
706 2554 919 2626 millimetra
938 2576 1074 2644 crassa,
1095 2554 1253 2645 simplex
1272 2557 1337 2625 aut
1356 2554 1583 2643 subramosa

385 2680 528 2772 apicem
548 2700 681 2751 versus
701 2681 843 2752 sensim
863 2687 1065 2768 attenuata,
1093 2680 1313 2772 plerumque
1333 2685 1492 2770 arcuata
1516 2681 1581 2752 sal-

384 2811 468 2878 cala
494 2811 558 2879 aut
584 2811 767 2899 tortuosa,
796 2807 836 2880 in
863 2808 1035 2882 interiore
1066 2813 1286 2881 curvaturae
1315 2791 1430 2880 latere
1458 2809 1582 2880 carina

384 2934 547 3006 corticali
566 2934 652 3026 plus
672 2937 797 3008 minus
817 2941 950 3026 arguta
967 2940 1105 3012 notata.
1135 2936 1172 3006 in
1197 2936 1312 3008 latere
1333 2936 1506 3028 opposito
1525 2959 1581 3009 ru-

384 3083 484 3154 gosa,
507 3062 655 3151 callosa,
684 3067 819 3153 torosa,
844 3069 958 3136 extus
985 3063 1120 3134 coloris
1141 3063 1265 3134 llavidi
1291 3069 1360 3148 ,aut
1388 3063 1542 3155 griseo-s
1567 3105 1578 3115 ·

384 3190 596 3278 scescentis‚
618 3189 960 3282 odorispeculiaris‚
982 3191 1126 3282 saporis
1147 3191 1256 3262 acris.

493 3317 616 3390 Sectio
645 3323 862 3389 transuersa
889 3316 1035 3404 radicis
1067 3318 1190 3408 amylo
1230 3339 1275 3388 ex
1314 3320 1392 3390 toto
1414 3317 1579 3406 carentis

383 3446 515 3537 probat
544 3446 718 3516 corticem
748 3443 915 3517 albidum
952 3449 1012 3517 sat
1038 3445 1155 3517 latum
1186 3451 1222 3518 et
1249 3445 1391 3538 lignum
1420 3444 1579 3518 centrale

384 3571 603 3661 subflavum,
643 3571 758 3644 radiis
797 3570 1068 3643 medullaribus
1107 3572 1308 3645 subtilibus
1342 3577 1523 3660 notatum,
1542 3572 1579 3643 in

383 3700 497 3772 latere
519 3699 667 3771 carinae
686 3697 850 3770 corticali
865 3699 1038 3790 opposito
1054 3698 1275 3791 plerumque
1292 3703 1503 3772 truncatmn
1519 3703 1580 3770 aut

384 3849 564 3900 exorsum.

493 3953 664 4051 Sprupoa

738 4237 915 4346 Radix
940 4239 1228 4347 laraxaci.

495 4463 717 4535 'I'oraxacum
734 4461 917 4558 officioolc,
938 4465 1037 4538 vide:
1060 4463 1164 4534 Folio
1184 4461 1371 4534 Torcxoci.

491 4591 614 4663 Radix
640 4591 848 4683 multiceps,
876 4591 1307 4683 cylindrico-lusisormis,
1329 4612 1441 4663 succo
1460 4589 1577 4662 lacteo

381 4719 540 4810 scatebs,
561 4719 701 4792 siccata
719 4718 846 4810 rigida,
867 4718 1030 4791 fractura
1045 4718 1199 4811 aequali,
1219 4718 1442 4810 plerumque
1460 4737 1576 4790 unum
