3574 5454
686 556 927 666 -rozr-

311 773 444 848 Intime
463 775 582 848 mixta
599 775 638 847 in
658 774 845 847 crucibulo
864 775 1101 868 porcellaneo
1116 780 1214 850 tecto
1233 775 1402 868 leniigne

203 903 422 995 liquescant,
439 902 559 974 donec
575 901 855 974 effervescentia
874 908 1027 994 peracta
1052 923 1183 976 massa
1205 903 1402 996 tranquille

203 1030 295 1103 lluat
313 1034 350 1102 et
367 1027 489 1122 portio
507 1033 682 1120 exempta
695 1028 734 1100 in
750 1029 897 1101 duabus
910 1031 1081 1122 partibus
1098 1051 1220 1124 aquae
1238 1031 1401 1124 perfecte

205 1159 384 1230 solvatur.
408 1155 506 1228 Turn
526 1176 695 1228 massam
715 1156 866 1228 effunde
886 1161 923 1228 et
940 1157 1198 1248 refrigeratam
1217 1159 1344 1230 statim
1364 1159 1401 1231 in

203 1306 293 1357 vase
312 1285 407 1357 bene
427 1281 635 1356 claudendo
656 1303 777 1355 serva.

312 1410 367 1484 Sit
385 1409 520 1483 coloris
541 1430 561 1481 e
580 1408 685 1482 lusco
705 1409 835 1499 citrini,
864 1409 1144 1502 hydrogenium
1173 1412 1402 1486 sulfuratum
1449 1480 1452 1486 ,

203 1539 389 1628 redolens,
419 1539 457 1610 in
486 1558 585 1629 aqua
605 1542 641 1609 et
661 1537 794 1630 spiritu
819 1538 897 1610 vini
915 1537 1025 1611 facile
1045 1537 1215 1612 solubile.
1256 1539 1400 1612 Solutio

205 1687 361 1758 aquosa,
383 1666 490 1738 acido
511 1663 650 1738 acetieo
671 1665 786 1738 diluto
812 1670 1108 1758 supersaturata,
1127 1664 1403 1758 hydrogenium

205 1794 431 1866 sulfuratum
471 1793 668 1865 secedente
704 1793 843 1865 sulfure
878 1792 1023 1882 evolvit,
1068 1791 1258 1883 tiltratum,
1294 1793 1402 1866 acido

204 1919 377 1995 tartarico
405 1919 542 2009 addita,
578 1920 829 1993 sedimentum
869 1921 996 1993 album
1040 1919 1299 2010 crystallinum
1338 1921 1399 1994 de·

203 2048 325 2122 mittit.

337 2423 548 2532 llalium
575 2422 900 2536 sulfuratum
926 2455 1026 2567 pro
1053 2423 1267 2534 balneo.

313 2684 430 2758 Simili
449 2685 563 2758 modo
583 2708 603 2759 e
623 2685 716 2759 Kalii
737 2685 920 2759 carboniei
941 2685 1042 2758 crudi
1064 2684 1232 2778 partibus
1255 2686 1403 2760 duabus

204 2819 241 2886 et
270 2813 427 2886 Sulluris
458 2811 649 2886 sublimati
669 2817 774 2905 parte
803 2834 880 2885 una
913 2817 1069 2905 paretur
1102 2817 1139 2884 et
1171 2819 1343 2886 servetur
1362 2801 1427 2886 ut¹

203 2941 350 3014 Kalium
369 2941 605 3014 sulfuratum.

315 3067 368 3141 Sit
387 3069 553 3141 maxima
580 3074 686 3161 parte
715 3069 753 3140 in
783 3089 885 3161 aqua
914 3066 1083 3142 solubilis
1114 3073 1151 3140 et
1169 3069 1344 3161 praebeat
1361 3070 1402 3142 li-

210 3217 366 3289 quorem
376 3197 884 3289 opalesoentem,alcalinum,
896 3195 1169 3288 hydrogenium
1180 3197 1404 3269 sulfuratum

204 3323 446 3412 redolentem,
473 3322 608 3396 coloris
630 3345 649 3395 e
669 3324 768 3396 ssavo
789 3323 926 3395 viridis

314 3449 490 3523 Servetur
509 3471 600 3524 vase
621 3450 761 3542 optime
781 3451 921 3523 clauso.

676 3826 920 3938 llamala.

313 4087 483 4162 Mallotes
503 4088 784 4184 Plriitppineasis
803 4089 961 4162 Miiller
984 4087 1081 4179 Arg,
1110 4087 1223 4160 arbor
1242 4087 1280 4159 in
1300 4086 1405 4159 India

205 4217 374 4292 orientali
393 4218 575 4291 latissime
597 4217 808 4290 distributa.
831 4214 1124 4311 Eupleorbtoceoe.

311 4341 1404 4436 Indumentumglanduloso-pilosumcapsularumarboris

205 4474 409 4549 deterendo
426 4476 653 4564 separatum.
668 4470 795 4543 Pulvis
813 4470 973 4558 subtilis,
989 4469 1084 4542 levis
1099 4467 1313 4559 mollisque,
1325 4489 1404 4540 non

205 4603 431 4696 glutinosus,
470 4599 726 4693 rubiginosuS,
767 4599 989 4671 intermixtis
1019 4596 1256 4690 portionibus
1291 4594 1403 4668 luteis

206 4737 272 4803 aut
291 4728 530 4816 aurantiacis
552 4726 681 4800 odoris
702 4730 738 4799 et
759 4726 905 4819 saporis
928 4747 1073 4819 expers,
1101 4726 1172 4798 sub
1194 4721 1319 4814 digitis
1341 4727 1405 4794 aut

1134 4865 1185 4918 11*
