3502 5454
899 540 1114 611 --18-

781 750 1009 860 Alumen
1033 755 1231 860 ustum.

406 977 509 1069 Rpe:
543 973 718 1052 fluminis
738 973 921 1076 pulverati
1124 982 1322 1072 qratia-mata
1341 981 1471 1047 certium
1534 977 1619 1048 100

407 1103 446 1175 in
473 1103 603 1197 patina
632 1102 770 1176 diffusa
788 1101 909 1194 primo
938 1103 1072 1174 balneo
1102 1123 1223 1195 equae
1251 1101 1324 1174 leni
1355 1103 1486 1191 catore,
1520 1109 1621 1196 post

410 1233 546 1304 balneo
567 1253 704 1304 arenae
733 1231 883 1304 assidue
912 1231 1122 1304 triturando
1152 1235 1189 1303 et
1206 1231 1466 1322 permiscendo
1486 1231 1619 1304 calore

414 1360 513 1431 180⁰
537 1379 614 1432 non
644 1359 846 1431 excedente
872 1358 1055 1446 calefiant,
1081 1358 1201 1431 donec
1225 1359 1376 1451 pondus
1401 1357 1541 1430 residui
1563 1357 1618 1430 ad

844 1491 1041 1582 qrammata
1060 1485 1313 1582 quinquaqinta
1333 1487 1483 1582 quinque
1560 1487 1617 1558 55

409 1613 604 1686 reductum
619 1612 738 1685 fuerit.

519 1777 574 1850 Sit
592 1776 714 1868 pulvis
741 1777 863 1864 alim,
882 1775 922 1848 in
941 1776 1069 1868 viginti
1096 1775 1264 1869 quinque
1289 1777 1460 1869 partibus
1486 1799 1619 1870 aquae

410 1905 507 1979 lente
527 1905 690 1998 quidem,
712 1905 779 1977 sed
800 1905 953 1998 limpide
975 1905 1154 1977 solubilis,

521 2052 661 2125 Solutio
682 2073 829 2145 aquosa
849 2052 896 2124 ad
911 2051 1104 2143 reegentia
1119 2051 1278 2124 eandem
1296 2052 1407 2145 plene
1426 2051 1621 2124 rationem

410 2180 560 2268 habeat,
576 2201 690 2272 quam
709 2180 862 2252 alumen
882 2179 1181 2271 crystallisatum.

522 2323 698 2398 Servetur
716 2325 755 2396 in
775 2345 865 2397 vase
885 2324 983 2396 bene
1003 2324 1144 2397 clauso.

568 2683 894 2792 Aluminium
922 2685 1187 2794 aeetieum
1214 2685 1463 2793 solutum.

553 2913 705 3016 Liquor
726 2912 922 2992 Aluminii
944 2913 1100 2992 acetici.
1123 2913 1275 3015 Liquor
1296 2915 1484 2994 Burowii.

413 3107 515 3200 Rpe:
550 3106 719 3183 dimitrii
740 3105 907 3183 sulfuriei
1118 3115 1315 3205 yrammata
1334 3115 1474 3181 trecenta
1535 3110 1621 3181 300

417 3254 521 3326 solve
542 3254 598 3326 in:

550 3398 671 3500 Aquae
692 3397 899 3477 destinatae
981 3402 1150 3498 yrammis
1170 3401 1333 3473 sexcentis
1353 3401 1479 3498 viqinti
1536 3399 1620 3472 600

419 3545 516 3619 adde

551 3688 653 3766 rioldi
667 3689 797 3768 metiti
818 3688 925 3767 diluti
1035 3699 1231 3790 wammam
1246 3694 1430 3789 quinqentd
1449 3699 1478 3764 et

1232 3836 1478 3935 quadraqinta.
1536 3839 1619 3912 540

525 4017 720 4091 Solutione
747 4024 903 4110 peracta
927 4019 1053 4110 ingere
1074 4018 1228 4110 sensim,
1250 4021 1320 4092 sub
1342 4021 1521 4095 continue
1542 4022 1619 4113 agi-

416 4145 558 4219 tatione
578 4147 731 4238 pultem,
752 4150 923 4237 paratam
944 4167 989 4218 ex

553 4308 660 4386 taidi
682 4305 864 4387 arborio!
886 4310 1118 4412 praeeipitati
1159 4313 1331 4408 qrammis
1351 4319 1480 4384 rentum

1287 4465 1318 4530 et
1337 4459 1480 4556 triqinta
1541 4460 1620 4532 130

417 4591 455 4658 et

553 4711 675 4813 Aquae
695 4709 905 4789 (tutillam
1123 4715 1295 4810 qrammis
1315 4713 1482 4785 ducentis.
1540 4713 1622 4787 000
