3574 5454
893 522 1135 594 -178-

660 734 843 842 Massa
867 729 1168 840 Pilularum
1196 731 1353 841 llulti.

408 975 504 1068 Rpe:
543 972 649 1052 Aleis
754 980 955 1072 qrammata
974 972 1156 1071 seaapinta
1554 978 1603 1049 60

543 1099 707 1201 llyrrlno
752 1107 953 1200 yrammata
969 1099 1117 1197 triplicia
1556 1105 1606 1176 30

544 1227 647 1306 tironi
757 1235 958 1327 qrammata
978 1225 1100 1299 decem.
1557 1230 1604 1302 10

516 1355 718 1430 Pulverata
747 1358 886 1449 optime
916 1356 1033 1429 mixta
1070 1359 1265 1429 serventur
1302 1356 1341 1429 in
1378 1377 1470 1428 vase
1510 1357 1605 1430 bene

410 1484 552 1557 clauso,

868 1729 1147 1839 Masticbe.

841 1922 992 2002 Resina
1013 1921 1177 2002 Mastix.

516 2098 676 2174 Paeana
695 2098 878 2172 Lmtiscus
896 2098 1033 2189 Linn.‚
1061 2099 1223 2172 arborin
1236 2099 1360 2173 insula
1374 2097 1488 2172 Chios
1501 2101 1607 2174 culta.

410 2225 706 2300 Anacardiaeae.

519 2355 661 2430 Succus
680 2355 876 2428 resinosus
901 2377 921 2428 e
941 2355 1084 2428 truncis
1104 2354 1310 2429 vulneratis
1330 2355 1501 2447 effluens,
1521 2362 1607 2430 aare

409 2484 621 2572 induratus
642 2483 740 2556 sistit
759 2503 878 2575 grana
896 2483 1117 2576 plerumque
1137 2482 1297 2574 globosa
1317 2487 1353 2554 et
1367 2483 1606 2575 subglobosa,

410 2609 549 2704 piperis
587 2609 646 2682 vel
677 2609 748 2702 pisi
779 2609 1046 2701 magnitudine,
1090 2610 1201 2700 clara,
1235 2609 1432 2702 pellucida,
1478 2608 1608 2684 coloris

409 2737 608 2826 subcitrini,
638 2729 862 2810 infractura
882 2736 1067 2810 conchata
1090 2736 1173 2810 vitri
1205 2736 1328 2810 instar
1361 2736 1605 2830 splendentia,

411 2865 579 2954 friabilia
613 2864 651 2936 in
671 2885 794 2936 merce
823 2885 900 2936 non
930 2864 1023 2936 satis
1042 2869 1192 2938 recente
1216 2863 1412 2956 superficie
1437 2864 1608 2957 pulveru-

411 2992 531 3081 lenta,
575 2991 701 3064 odoris
736 2997 772 3065 et
803 2991 950 3085 saporis
985 2991 1117 3063 debilis
1152 2989 1370 3079 balsamici,
1412 2992 1609 3066 masticata

414 3141 585 3194 massam
605 3119 743 3208 albam,
764 3118 938 3192 dentibus
957 3118 1227 3192 adhaerentem
1244 3117 1475 3212 praebentia.

521 3246 700 3321 Masticbe
720 3246 760 3319 in
788 3245 920 3339 spiritu
934 3244 1009 3318 vini
1024 3250 1265 3319 concentralo
1280 3249 1532 3338 temperatura
1551 3266 1607 3319 or-

413 3373 559 3446 dinaria
585 3395 654 3467 pro
681 3373 847 3446 maxima
868 3379 994 3467 parte,
1019 3371 1059 3446 in
1085 3373 1235 3446 aethere
1261 3372 1410 3466 penitus
1442 3373 1607 3448 solvitur.

520 3498 762 3595 Emplastrum
787 3497 1046 3572 Cantharidum
1061 3506 1279 3597 perpetuum.

820 3820 926 3930 lllcl
957 3821 1201 3931 crudum.

523 4047 577 4121 Sit
586 4047 851 4124 consistentiae
865 4048 1068 4141 spissioris
1080 4047 1216 4121 eoloris
1228 4048 1473 4140 flavescentia,
1485 4049 1610 4122 odoris

414 4175 533 4249 mellis
553 4174 752 4268 peculiaris
773 4180 809 4248 et
829 4175 976 4268 saporis
997 4175 1126 4264 dulcis,
1146 4195 1224 4248 non
1243 4175 1350 4249 acris,

522 4301 616 4374 Pars
636 4323 712 4375 una
739 4302 860 4377 mellis
881 4323 966 4375 cum
985 4301 1132 4376 duabus
1151 4303 1320 4396 partibus
1340 4325 1462 4395 aquae
1487 4304 1611 4392 mixta

414 4429 599 4521 liquorem
618 4430 695 4502 fere
714 4430 926 4503 neutralem
956 4430 1133 4522 praebeat
1156 4429 1336 4522 ponderis
1364 4452 1464 4523 spec.
1490 4431 1611 4520 1·110,

414 4557 478 4648 qui
506 4556 679 4645 filtratus
706 4557 945 4649 superaffuso
977 4556 1108 4649 spiritu
1127 4557 1202 4629 vini
1223 4557 1405 4648 absolute,
1426 4558 1610 4632 interduo

289 4685 291 4689 ’
416 4688 536 4757 strata
556 4704 692 4756 zonam
712 4683 874 4757 lacteam
893 4705 940 4756 ne
959 4684 1150 4776 praebeat.
