3574 5454
631 557 873 628 -113-

259 774 427 849 Siccatae
451 775 490 846 in
513 796 604 848 vase
622 775 717 847 bene
747 775 877 847 clauso
906 796 975 848 nec
994 776 1092 849 ultra
1110 796 1254 849 annum
1273 797 1347 848 ser·

149 902 306 974 vandae.
341 901 443 975 Odor
471 903 676 975 recentium
701 901 967 991 suavissimus
987 901 1210 976 siccatorum
1229 903 1346 976 multo

149 1029 312 1117 debilior,
333 1049 448 1121 sapor
467 1027 722 1102 dulciusculus
742 1033 777 1102 et
796 1028 1103 1120 mucilaginosus.

257 1154 398 1254 Species
418 1156 575 1228 laxantes
599 1152 648 1228 St.
676 1155 855 1228 Gonroin.

499 1514 681 1623 lllores
707 1514 980 1623 verbasci.

264 1736 463 1810 Verboscnm
476 1737 691 1832 pblomoides
704 1738 839 1827 Linn,
864 1740 993 1832 planta
1008 1737 1155 1811 biennis
1164 1738 1342 1830 indigena

146 1866 322 1958 vulgaris.
343 1863 678 1961 Scrophuloriorcoc.

253 1993 422 2066 Corollae
442 1998 596 2082 rotatae,
616 1995 687 2066 tria
705 1993 753 2066 ad
774 1999 936 2086 quatuor
957 1993 1176 2068 centimetra
1205 1993 1245 2065 in
1265 1992 1340 2067 dia·

144 2126 274 2209 metro,
294 2120 515 2193 brevissime
535 2120 737 2208 tubulatae,
758 2120 872 2193 limbo
891 2120 1138 2213 inaequaliter
1157 2121 1340 2213 quinque·

142 2247 287 2340 partito,
309 2246 405 2320 lobis
426 2247 573 2321 duobus
592 2247 846 2340 superioribus
869 2247 1076 2321 minoribus
1109 2247 1228 2321 tribus
1254 2249 1343 2322 inle-

141 2373 311 2461 rioribus‚
332 2375 455 2447 medio
472 2375 645 2463 maximo,
665 2375 761 2448 belle
776 2376 909 2464 luteae,
926 2381 1034 2448 extus
1051 2375 1339 2449 albidotornen-

46 2567 47 2576 ,
141 2507 249 2574 tosae
274 2501 361 2593 pilis
392 2501 803 2589 verticillalo-ramosis,
831 2501 1054 2575 staminibus
1075 2504 1165 2575 tubo
1192 2503 1340 2576 insertis

144 2629 309 2720 quinque
344 2629 616 2721 inaequalibus
656 2628 774 2702 tribus
814 2629 1071 2723 superioribus
1109 2629 1340 2703 brevioribus

141 2755 1091 2844 albido·villosis,antherishorizontalibus,duobus
1102 2757 1338 2832 inferioribus

137 2883 368 2973 longioribus
379 2883 600 2975 subglabris
610 2884 775 2956 antberis
787 2885 897 2976 longe
909 2884 1338 2972 decurrentibusodoris

136 3010 346 3082 recentium
360 3010 506 3102 ingrati,
527 3011 753 3084 siccatorum
770 3013 911 3100 suavis
932 3011 1065 3099 mellei,
1087 3012 1234 3104 saporis
1249 3015 1336 3086 sub·

137 3138 256 3210 dulcis
278 3143 314 3211 et
332 3137 602 3228 mucilaginosi.

246 3264 352 3337 Sicco
368 3266 472 3337 coelo
488 3266 649 3339 corollae
666 3266 888 3357 acalycibus
902 3267 1080 3340 liberatae
1096 3267 1337 3358 colligendae,

137 3393 185 3464 ad
204 3391 440 3484 fragilitatem
469 3414 590 3484 usque
619 3393 779 3466 siccatae
808 3394 846 3466 in
875 3393 978 3466 vasis
1007 3398 1117 3466 antea
1147 3393 1336 3467 calefactis

135 3520 230 3592 bene
251 3519 468 3592 obturandis
489 3520 710 3592 servandae.

246 3644 381 3741 Species
396 3648 594 3742 pectorales,

506 4003 652 4113 dolia
686 4003 963 4132 Althaeae.

46 4315 47 4320 Ἰ
247 4230 272 4298 A
279 4229 390 4300 llleoeo
409 4227 599 4324 officinalis
616 4228 753 4318 Linn,
763 4230 894 4322 planta
904 4229 1079 4323 perennis
1095 4230 1280 4322 indigena,
1297 4232 1332 4302 in

46 4439 47 4444 Ἰ
133 4355 333 4446 provinciis
356 4355 640 4429 australioribus
670 4357 718 4428 ad
739 4356 833 4446 vias,
863 4357 1000 4446 fossas
1030 4358 1067 4430 in
1088 4357 1242 4450 sepibus
1262 4359 1330 4431 hu-

46 4535 47 4582 ,
133 4481 368 4557 rnidiusculis
389 4478 574 4575 frequens
596 4483 740 4575 passim
761 4485 868 4557 culta.
890 4483 1094 4556 Malooceac.

240 4609 345 4682 Folia
357 4610 546 4702 petiolata,
565 4612 921 4684 subcordaloovata
936 4611 994 4683 vel
1010 4612 1329 4686 cordato-lanceo-

131 4737 216 4822 lata,
233 4737 379 4826 triloba,
400 4736 498 4810 lobis
516 4737 647 4825 acutis
668 4738 1046 4812 obsoletetrilobavel
1058 4740 1328 4833 sub-quinque-

239 4875 434 4930 Pharmreopoea.
1093 4881 1110 4935 8
