3576 5454
673 553 915 627 -255—

547 763 778 908 Spiritus
806 762 1035 908 Sinopis.

186 953 289 1043 ripe:
326 946 402 1026 (uu
425 948 567 1051 Sinopis
587 949 750 1028 rotherti
804 975 968 1048 promma
987 977 1097 1024 unum
1367 955 1382 1025 1

187 1080 293 1151 solve
313 1080 352 1151 in

322 1203 810 1307 Spiritusiiuioouotuirtii
851 1208 1302 1306 prurumisquiuquupiutu.
1336 1209 1386 1282 50

293 1334 450 1409 Paretur
469 1357 515 1408 ex
535 1340 710 1428 tempore.

386 1638 621 1783 Spiritus
641 1639 762 1748 Vini
786 1645 1184 1750 oonoontratus.

293 1845 349 1918 Sit
367 1866 487 1938 aquae
506 1845 625 1917 instar
643 1845 831 1938 limpidus,
852 1845 1013 1932 decolor,
1034 1845 1160 1918 odoris
1181 1849 1218 1917 et
1237 1845 1384 1938 saporis

183 1994 285 2045 mere
311 1971 512 2065 spirituosi‚
536 1971 736 2044 reaetionis
756 1972 906 2061 nullius
931 1972 979 2044 ab
999 1971 1100 2045 omni
1126 1972 1383 2065 inquinatione

182 2099 415 2172 termentolei
434 2099 538 2188 liber,
557 2099 736 2192 ponderis
757 2099 922 2192 specifiei
941 2100 1246 2172 u·830-0·834.

292 2225 451 2317 Spiritus
480 2225 613 2317 quavis
650 2225 888 2318 proportione
922 2246 1007 2298 cum
1036 2247 1136 2318 aqua
1167 2227 1306 2299 mixtus
1335 2247 1384 2299 ne

182 2354 369 2444 turbetur3
417 2353 555 2425 additis
593 2352 707 2444 guttis
746 2351 938 2424 nonnullis
976 2353 1063 2425 kalii
1109 2353 1384 2446 hydrooxydati

183 2481 296 2554 soluti
325 2480 374 2553 ad
394 2480 579 2553 decimam
598 2480 801 2553 voluminis
821 2485 967 2572 partem
986 2486 1210 2573 evaporatus
1232 2487 1268 2554 et
1298 2481 1384 2554 dein

182 2609 289 2682 aeido
306 2607 482 2681 sulfurieo
499 2607 719 2698 acidulatus,
735 2607 890 2680 odorem
904 2606 1136 2680 sermentolei
1151 2629 1198 2681 ne
1217 2613 1383 2701 spargat;

184 2736 339 2809 intubo
366 2735 579 2828 probatorio
605 2734 753 2826 aequali
777 2735 959 2808 volumini
987 2735 1084 2807 acidi
1113 2734 1278 2808 sulfuriei
1298 2756 1385 2807 oon·

185 2864 340 2936 centrati
357 2867 462 2936 caute
479 2863 710 2956 superfusae,
726 2883 770 2934 eo
790 2862 915 2954 plano,
936 2882 1011 2953 quo
1032 2884 1073 2935 se
1089 2862 1200 2935 ambo
1220 2862 1385 2954 liquores

181 2995 351 3083 tangunt,
368 2991 470 3063 color
483 3011 661 3064 rosaceus
678 2989 757 3062 sive
773 2991 901 3062 fuscus
918 3011 964 3061 ne
986 2989 1134 3062 oriatur.
1157 2989 1316 3081 Spiritus
1337 2990 1384 3062 ad

183 3119 325 3192 siecum
365 3123 601 3211 evaporatus
638 3118 832 3191 residuum
869 3138 916 3190 ue
950 3116 1147 3208 relinquat,
1196 3117 1384 3191 solutione

182 3247 325 3338 argenti
359 3247 479 3319 uitrici
512 3246 639 3319 addita
671 3268 719 3319 ne
753 3251 916 3318 mutetur
950 3245 1028 3318 sive
1063 3245 1249 3331 turbetur;
1285 3266 1383 3337 aqua

180 3373 489 3466 hydrosuliurata
507 3374 586 3446 sive
608 3372 798 3446 ammonia
816 3395 862 3444 ne
883 3374 1079 3446 coloretur.

292 3500 488 3574 Contiueat
506 3502 543 3574 in
565 3507 714 3574 centum
741 3501 910 3593 partibus
930 3500 1107 3594 ponderis
1130 3499 1384 3591 870-850,

184 3628 383 3702 uoluminis
405 3629 606 3702 utu-uu
625 3633 751 3722 partes
772 3626 965 3700 alcohoiis.

474 3876 706 4022 Spiritus
732 3877 852 3986 Vini
880 3875 1101 3984 dilutus.

178 4085 278 4192 Rpe:
318 4081 477 4183 Spiritus
496 4080 574 4158 Vini
596 4079 821 4160 oonoeutrati
875 4088 1078 4178 prommota
1097 4081 1192 4155 mille
1279 4083 1382 4155 1000

316 4208 438 4309 Aquae
459 4207 667 4287 destinatur
739 4215 941 4306 prummeto
961 4209 1220 4305 quadrinpeuta

740 4336 866 4433 vipinti
885 4341 957 4408 octo
978 4343 1010 4409 et
1029 4336 1218 4408 dimidium
1265 4337 1382 4410 4005

288 4467 413 4539 Misce.
438 4466 593 4538 Pondus
615 4464 830 4557 speeifieum
851 4464 901 4538 sit
920 4465 1227 4538 u·894-0·896.

290 4593 464 4666 Continet
488 4594 527 4666 in
554 4596 704 4666 centum
727 4592 897 4683 partibus
923 4593 1102 4684 ponderis
1131 4575 1381 4681 oro-wo,

181 4720 381 4794 voluminis
405 4722 603 4794 70-67·5
623 4723 748 4812 partes
769 4717 962 4792 aleoholis
