3502 5454
891 527 1086 600 hx..

498 743 544 830 O.
569 745 617 830 R.
651 745 949 856 Ministerium,
991 746 1061 832 cui
1099 773 1299 860 suprema
1332 743 1588 832 valetudinis

387 907 584 1023 publicae
608 937 710 996 cura
732 907 874 996 delata
896 919 972 1020 est,
997 917 1098 996 voto
1118 911 1203 996 hoc
1226 908 1391 1020 fultum,
1418 909 1587 996 ordina-

387 1073 447 1157 vit
478 1101 638 1160 novam
668 1075 1074 1189 pharmacopoeam,
1107 1102 1217 1190 quae
1242 1070 1462 1159 desideriis
1486 1074 1588 1161 artis

387 1236 580 1323 medicae
604 1266 717 1324 nunc
762 1237 1008 1354 vigentibus
1048 1267 1185 1355 aeque
1225 1265 1276 1324 ac
1315 1239 1590 1325 scientiarum

323 1451 326 1458 ·
383 1401 639 1488 naturalium
662 1403 959 1519 progressibus
1000 1403 1216 1513 satisfacit⁷
1259 1431 1352 1488 esse
1399 1403 1588 1490 conscri-

385 1564 581 1653 bundam.

493 1731 700 1818 Huncin
732 1731 864 1818 finem
898 1732 1145 1848 Collegium
1185 1730 1386 1849 speciale,
1428 1733 1587 1818 consti-

386 1902 526 1982 tutum
571 1925 594 1982 e
640 1896 893 1982 consiliariis
937 1897 983 1982 in
1026 1896 1212 2012 negotiis
1255 1895 1446 1982 sanitatis
1484 1925 1588 2010 prae

386 2060 566 2146 caeteris
586 2059 908 2176 disciplinarum
925 2060 981 2148 ad
998 2089 1090 2146 rem
1120 2061 1407 2176 spectantium
1430 2061 1587 2172 guaris,

388 2233 430 2311 et
469 2252 523 2311 ex
559 2225 908 2341 pharmacopolis
954 2253 976 2311 e
1023 2225 1190 2340 gremio
1236 2224 1587 2339 pharmaceutioo

386 2379 711 2476 Vindobonensi
741 2389 930 2500 delectis,
971 2387 1222 2476 mandatum
1254 2388 1349 2475 tulit
1388 2384 1588 2476 omnibus

382 2552 637 2673 prospicere,
663 2581 772 2670 quae
795 2553 839 2638 in
858 2553 1072 2640 exaranda
1097 2580 1212 2639 nova
1240 2553 1589 2668 pharmacopoea

391 2715 774 2805 animadvertenda
828 2728 926 2806 sunt
980 2728 1034 2829 et,
1096 2727 1143 2805 ut
1202 2715 1325 2805 labor
1385 2744 1588 2832 prospere

392 2879 649 2991 succederet
697 2882 910 2999 simulque
962 2889 1061 2998 apta
1099 2879 1154 2968 ad
1197 2909 1288 2967 rem
1328 2881 1590 2967 concinnitas

391 3044 648 3158 judiciorum
702 3054 1007 3162 assequeretur,
1064 3045 1271 3162 principia
1314 3053 1356 3132 et
1404 3045 1589 3133 rationes

391 3207 528 3296 labori
552 3219 783 3324 suggestae
806 3212 849 3295 in
873 3211 1181 3297 commentario
1212 3238 1437 3326 exponere,
1479 3238 1590 3326 quae

391 3373 582 3461 ulteriori
595 3372 890 3461 deliberationi
908 3375 1031 3491 quasi
1048 3373 1373 3461 fundamentum
1386 3374 1590 3460 inservire

392 3539 566 3654 possint.

500 3701 746 3818 Collegium
768 3703 955 3819 speciale
996 3701 1284 3789 desideratum
1325 3711 1590 3788 commenta-

391 3869 503 3953 rium
541 3895 627 3954 una
664 3896 764 3953 cum
803 3866 993 3954 elenchis
1017 3867 1365 3979 medicaminum,
1407 3895 1516 3983 quae
1546 3867 1591 3950 in

391 4061 551 4118 novam
615 4033 1009 4148 pharmacopoeam
1070 4030 1318 4148 recipienda
1380 4042 1421 4118 et
1482 4059 1590 4147 quae

394 4194 631 4282 omittenda
675 4206 829 4306 essent,
876 4197 1131 4312 composuit,
1179 4195 1295 4312 quod
1335 4226 1361 4283 a
1401 4194 1591 4282 Consilio

392 4361 663 4474 negotiorum
708 4361 897 4448 sanitatis
943 4390 1143 4476 supremo
1195 4358 1521 4477 comprobatum
1565 4388 1591 4446 a

394 4524 440 4613 O.
459 4525 507 4612 R.
531 4525 769 4612 Ministerio
792 4528 962 4640 imperii
985 4525 1279 4639 gubernacula
1299 4527 1342 4609 in
1366 4526 1509 4639 regnis
1541 4553 1592 4610 ac

392 4691 622 4806 provinciis
646 4689 906 4776 Tonantibus
929 4693 1226 4777 transmissum
1248 4689 1336 4798 fuit,
1376 4701 1423 4776 ut
1451 4689 1592 4775 oonsi-
