<?xml version="1.0" encoding="UTF-8"?>
<!DOCTYPE html PUBLIC "-//W3C//DTD XHTML 1.0 Transitional//EN"
    "http://www.w3.org/TR/xhtml1/DTD/xhtml1-transitional.dtd">
<html xmlns="http://www.w3.org/1999/xhtml" xml:lang="en" lang="en">
 <head>
  <title>
</title>
<meta http-equiv="Content-Type" content="text/html;charset=utf-8" />
  <meta name='ocr-system' content='tesseract 3.04.00' />
  <meta name='ocr-capabilities' content='ocr_page ocr_carea ocr_par ocr_line ocrx_word'/>
</head>
<body>
  <div class='ocr_page' id='page_1' title='image "./pharmacopoeaaus00unkngoog_0080.png"; bbox 0 0 3502 5454; ppageno 0'>
   <div class='ocr_carea' id='block_1_1' title="bbox 655 555 863 632">
    <p class='ocr_par' dir='ltr' id='par_1_1' title="bbox 655 555 863 632">
     <span class='ocr_line' id='line_1_1' title="bbox 655 555 863 632; baseline 0 -23"><span class='ocrx_word' id='word_1_1' title='bbox 655 555 863 632; x_wconf 70' lang='lat'>..53-</span> 
     </span>
    </p>
   </div>
   <div class='ocr_carea' id='block_1_2' title="bbox 351 769 1177 1068">
    <p class='ocr_par' dir='ltr' id='par_1_2' title="bbox 351 769 1177 1068">
     <span class='ocr_line' id='line_1_2' title="bbox 598 769 924 889; baseline -0.003 -10"><span class='ocrx_word' id='word_1_2' title='bbox 598 769 924 889; x_wconf 75' lang='lat' dir='ltr'>castoreum.</span> 
     </span>
     <span class='ocr_line' id='line_1_3' title="bbox 351 962 1177 1068; baseline -0.004 -25"><span class='ocrx_word' id='word_1_3' title='bbox 351 962 591 1043; x_wconf 86' lang='lat' dir='ltr'>Castoreum</span> <span class='ocrx_word' id='word_1_4' title='bbox 614 962 867 1056; x_wconf 85' lang='lat' dir='ltr'>Canadenso‚</span> <span class='ocrx_word' id='word_1_5' title='bbox 888 962 929 1043; x_wconf 84' lang='lat' dir='ltr'>C.</span> <span class='ocrx_word' id='word_1_6' title='bbox 952 963 1177 1068; x_wconf 85' lang='lat' dir='ltr'>Anglioum.</span> 
     </span>
    </p>
   </div>
   <div class='ocr_carea' id='block_1_3' title="bbox 158 1121 1359 2852">
    <p class='ocr_par' dir='ltr' id='par_1_3' title="bbox 162 1121 1357 1324">
     <span class='ocr_line' id='line_1_4' title="bbox 277 1121 1357 1212; baseline 0 -17"><span class='ocrx_word' id='word_1_7' title='bbox 277 1123 644 1196; x_wconf 74' lang='lat' dir='ltr'>dustormnericanus</span> <span class='ocrx_word' id='word_1_8' title='bbox 660 1121 837 1212; x_wconf 90' lang='lat' dir='ltr'>Cuvier,</span> <span class='ocrx_word' id='word_1_9' title='bbox 849 1124 988 1195; x_wconf 89' lang='lat' dir='ltr'>animal</span> <span class='ocrx_word' id='word_1_10' title='bbox 1003 1123 1216 1196; x_wconf 84' lang='lat' dir='ltr'>Americam</span> <span class='ocrx_word' id='word_1_11' title='bbox 1226 1123 1357 1196; x_wconf 92' lang='lat' dir='ltr'>borea-</span> 
     </span>
     <span class='ocr_line' id='line_1_5' title="bbox 162 1249 905 1324; baseline 0.001 -2"><span class='ocrx_word' id='word_1_12' title='bbox 162 1252 235 1324; x_wconf 87' lang='lat' dir='ltr'>lem</span> <span class='ocrx_word' id='word_1_13' title='bbox 254 1252 437 1324; x_wconf 89' lang='lat' dir='ltr'>habitans.</span> <span class='ocrx_word' id='word_1_14' title='bbox 466 1249 689 1322; x_wconf 82' lang='lat' dir='ltr'>Mommolio.</span> <span class='ocrx_word' id='word_1_15' title='bbox 721 1249 905 1323; x_wconf 73' lang='lat' dir='ltr'>dedentio.</span> 
     </span>
    </p>

    <p class='ocr_par' dir='ltr' id='par_1_4' title="bbox 158 1378 1359 2745">
     <span class='ocr_line' id='line_1_6' title="bbox 271 1378 1359 1470; baseline 0 -20"><span class='ocrx_word' id='word_1_16' title='bbox 271 1379 438 1452; x_wconf 85' lang='lat' dir='ltr'>Folliculi</span> <span class='ocrx_word' id='word_1_17' title='bbox 465 1379 560 1451; x_wconf 90' lang='lat' dir='ltr'>inter</span> <span class='ocrx_word' id='word_1_18' title='bbox 598 1400 713 1450; x_wconf 91' lang='lat' dir='ltr'>anum</span> <span class='ocrx_word' id='word_1_19' title='bbox 749 1382 787 1451; x_wconf 84' lang='lat' dir='ltr'>et</span> <span class='ocrx_word' id='word_1_20' title='bbox 815 1378 988 1469; x_wconf 77' lang='lat' dir='ltr'>genitalia</span> <span class='ocrx_word' id='word_1_21' title='bbox 1016 1378 1212 1470; x_wconf 88' lang='lat' dir='ltr'>utriusque</span> <span class='ocrx_word' id='word_1_22' title='bbox 1245 1399 1359 1451; x_wconf 86' lang='lat' dir='ltr'>sexus</span> 
     </span>
     <span class='ocr_line' id='line_1_7' title="bbox 162 1504 1359 1598; baseline -0.001 -19"><span class='ocrx_word' id='word_1_23' title='bbox 162 1506 282 1598; x_wconf 91' lang='lat' dir='ltr'>positi,</span> <span class='ocrx_word' id='word_1_24' title='bbox 303 1505 477 1580; x_wconf 85' lang='lat' dir='ltr'>exsiccati</span> <span class='ocrx_word' id='word_1_25' title='bbox 498 1504 648 1596; x_wconf 84' lang='lat' dir='ltr'>oblongi</span> <span class='ocrx_word' id='word_1_26' title='bbox 671 1505 730 1578; x_wconf 90' lang='lat' dir='ltr'>vel</span> <span class='ocrx_word' id='word_1_27' title='bbox 749 1505 1161 1598; x_wconf 76' lang='lat' dir='ltr'>oblongo-pyriformeS,</span> <span class='ocrx_word' id='word_1_28' title='bbox 1187 1511 1359 1598; x_wconf 86' lang='lat' dir='ltr'>exparte</span> 
     </span>
     <span class='ocr_line' id='line_1_8' title="bbox 162 1632 1357 1726; baseline -0.001 -20"><span class='ocrx_word' id='word_1_29' title='bbox 162 1634 379 1726; x_wconf 82' lang='lat' dir='ltr'>compressi,</span> <span class='ocrx_word' id='word_1_30' title='bbox 409 1655 522 1726; x_wconf 90' lang='lat' dir='ltr'>saepe</span> <span class='ocrx_word' id='word_1_31' title='bbox 549 1633 623 1705; x_wconf 93' lang='lat' dir='ltr'>duo</span> <span class='ocrx_word' id='word_1_32' title='bbox 647 1633 743 1705; x_wconf 87' lang='lat' dir='ltr'>inter</span> <span class='ocrx_word' id='word_1_33' title='bbox 766 1653 807 1704; x_wconf 90' lang='lat' dir='ltr'>se</span> <span class='ocrx_word' id='word_1_34' title='bbox 828 1632 1026 1724; x_wconf 85' lang='lat' dir='ltr'>conjuncti,</span> <span class='ocrx_word' id='word_1_35' title='bbox 1053 1633 1249 1724; x_wconf 85' lang='lat' dir='ltr'>superficie</span> <span class='ocrx_word' id='word_1_36' title='bbox 1269 1633 1357 1725; x_wconf 90' lang='lat' dir='ltr'>plus</span> 
     </span>
     <span class='ocr_line' id='line_1_9' title="bbox 161 1760 1358 1852; baseline 0 -20"><span class='ocrx_word' id='word_1_37' title='bbox 161 1760 331 1835; x_wconf 86' lang='lat' dir='ltr'>minusve</span> <span class='ocrx_word' id='word_1_38' title='bbox 352 1760 490 1852; x_wconf 84' lang='lat' dir='ltr'>rugosi,</span> <span class='ocrx_word' id='word_1_39' title='bbox 509 1760 909 1852; x_wconf 74' lang='lat' dir='ltr'>nigro-luscescentes</span> <span class='ocrx_word' id='word_1_40' title='bbox 935 1760 1165 1832; x_wconf 79' lang='lat' dir='ltr'>membranis</span> <span class='ocrx_word' id='word_1_41' title='bbox 1188 1760 1358 1832; x_wconf 74' lang='lat' dir='ltr'>instructi</span> 
     </span>
     <span class='ocr_line' id='line_1_10' title="bbox 160 1886 1356 1980; baseline -0.001 -20"><span class='ocrx_word' id='word_1_42' title='bbox 160 1889 307 1962; x_wconf 89' lang='lat' dir='ltr'>duabus</span> <span class='ocrx_word' id='word_1_43' title='bbox 334 1887 588 1975; x_wconf 72' lang='lat' dir='ltr'>exterioribus</span> <span class='ocrx_word' id='word_1_44' title='bbox 618 1890 719 1959; x_wconf 86' lang='lat' dir='ltr'>arcte</span> <span class='ocrx_word' id='word_1_45' title='bbox 749 1886 891 1960; x_wconf 90' lang='lat' dir='ltr'>coalitis</span> <span class='ocrx_word' id='word_1_46' title='bbox 912 1893 949 1959; x_wconf 91' lang='lat' dir='ltr'>et</span> <span class='ocrx_word' id='word_1_47' title='bbox 981 1887 1177 1960; x_wconf 88' lang='lat' dir='ltr'>dillieulter</span> <span class='ocrx_word' id='word_1_48' title='bbox 1204 1909 1356 1980; x_wconf 90' lang='lat' dir='ltr'>separa-</span> 
     </span>
     <span class='ocr_line' id='line_1_11' title="bbox 160 2014 1358 2105; baseline 0.001 -19"><span class='ocrx_word' id='word_1_49' title='bbox 160 2016 312 2104; x_wconf 89' lang='lat' dir='ltr'>bilibus,</span> <span class='ocrx_word' id='word_1_50' title='bbox 353 2015 650 2105; x_wconf 79' lang='lat' dir='ltr'>integumentum</span> <span class='ocrx_word' id='word_1_51' title='bbox 688 2020 801 2086; x_wconf 88' lang='lat' dir='ltr'>tenue</span> <span class='ocrx_word' id='word_1_52' title='bbox 845 2014 1093 2088; x_wconf 85' lang='lat' dir='ltr'>formantibus</span> <span class='ocrx_word' id='word_1_53' title='bbox 1135 2018 1171 2087; x_wconf 92' lang='lat' dir='ltr'>et</span> <span class='ocrx_word' id='word_1_54' title='bbox 1210 2014 1358 2087; x_wconf 90' lang='lat' dir='ltr'>duabus</span> 
     </span>
     <span class='ocr_line' id='line_1_12' title="bbox 161 2141 1358 2234; baseline 0 -20"><span class='ocrx_word' id='word_1_55' title='bbox 161 2142 408 2229; x_wconf 86' lang='lat' dir='ltr'>interioribus,</span> <span class='ocrx_word' id='word_1_56' title='bbox 442 2142 658 2215; x_wconf 89' lang='lat' dir='ltr'>lamellatim</span> <span class='ocrx_word' id='word_1_57' title='bbox 690 2141 962 2233; x_wconf 86' lang='lat' dir='ltr'>trajicientibus</span> <span class='ocrx_word' id='word_1_58' title='bbox 996 2163 1141 2230; x_wconf 88' lang='lat' dir='ltr'>cavum,</span> <span class='ocrx_word' id='word_1_59' title='bbox 1174 2143 1358 2234; x_wconf 89' lang='lat' dir='ltr'>repletum</span> 
     </span>
     <span class='ocr_line' id='line_1_13' title="bbox 160 2269 1358 2359; baseline -0.003 -15"><span class='ocrx_word' id='word_1_60' title='bbox 160 2292 289 2344; x_wconf 90' lang='lat' dir='ltr'>massa</span> <span class='ocrx_word' id='word_1_61' title='bbox 322 2270 577 2359; x_wconf 89' lang='lat' dir='ltr'>subresinosa,</span> <span class='ocrx_word' id='word_1_62' title='bbox 607 2269 828 2342; x_wconf 86' lang='lat' dir='ltr'>infractura</span> <span class='ocrx_word' id='word_1_63' title='bbox 860 2269 1004 2357; x_wconf 87' lang='lat' dir='ltr'>nitenti,</span> <span class='ocrx_word' id='word_1_64' title='bbox 1040 2269 1215 2342; x_wconf 89' lang='lat' dir='ltr'>colorise</span> <span class='ocrx_word' id='word_1_65' title='bbox 1244 2271 1358 2342; x_wconf 92' lang='lat' dir='ltr'>rubro</span> 
     </span>
     <span class='ocr_line' id='line_1_14' title="bbox 158 2396 1357 2490; baseline 0.002 -23"><span class='ocrx_word' id='word_1_66' title='bbox 158 2397 254 2470; x_wconf 88' lang='lat' dir='ltr'>lusci</span> <span class='ocrx_word' id='word_1_67' title='bbox 273 2397 332 2470; x_wconf 90' lang='lat' dir='ltr'>vel</span> <span class='ocrx_word' id='word_1_68' title='bbox 367 2418 386 2468; x_wconf 94' lang='lat' dir='ltr'>e</span> <span class='ocrx_word' id='word_1_69' title='bbox 415 2399 521 2470; x_wconf 86' lang='lat' dir='ltr'>lusco</span> <span class='ocrx_word' id='word_1_70' title='bbox 546 2397 653 2489; x_wconf 86' lang='lat' dir='ltr'>nigri,</span> <span class='ocrx_word' id='word_1_71' title='bbox 688 2396 814 2469; x_wconf 89' lang='lat' dir='ltr'>odoris</span> <span class='ocrx_word' id='word_1_72' title='bbox 848 2397 1058 2490; x_wconf 74' lang='lat' dir='ltr'>peculiaris</span> <span class='ocrx_word' id='word_1_73' title='bbox 1093 2396 1240 2489; x_wconf 90' lang='lat' dir='ltr'>saporis</span> <span class='ocrx_word' id='word_1_74' title='bbox 1267 2399 1357 2470; x_wconf 90' lang='lat' dir='ltr'>acri·</span> 
     </span>
     <span class='ocr_line' id='line_1_15' title="bbox 160 2523 1358 2615; baseline 0 -19"><span class='ocrx_word' id='word_1_75' title='bbox 160 2525 363 2615; x_wconf 89' lang='lat' dir='ltr'>aromatici,</span> <span class='ocrx_word' id='word_1_76' title='bbox 390 2524 641 2612; x_wconf 88' lang='lat' dir='ltr'>amariusculi,</span> <span class='ocrx_word' id='word_1_77' title='bbox 667 2523 902 2596; x_wconf 86' lang='lat' dir='ltr'>masticando</span> <span class='ocrx_word' id='word_1_78' title='bbox 931 2523 1106 2597; x_wconf 87' lang='lat' dir='ltr'>dentibus</span> <span class='ocrx_word' id='word_1_79' title='bbox 1132 2525 1358 2613; x_wconf 84' lang='lat' dir='ltr'>adhaerenti,</span> 
     </span>
     <span class='ocr_line' id='line_1_16' title="bbox 158 2652 1220 2745; baseline 0 -21"><span class='ocrx_word' id='word_1_80' title='bbox 158 2653 198 2724; x_wconf 94' lang='lat' dir='ltr'>in</span> <span class='ocrx_word' id='word_1_81' title='bbox 217 2652 349 2745; x_wconf 90' lang='lat' dir='ltr'>spiritu</span> <span class='ocrx_word' id='word_1_82' title='bbox 367 2652 444 2725; x_wconf 91' lang='lat' dir='ltr'>vini</span> <span class='ocrx_word' id='word_1_83' title='bbox 464 2658 500 2727; x_wconf 90' lang='lat' dir='ltr'>et</span> <span class='ocrx_word' id='word_1_84' title='bbox 519 2652 669 2726; x_wconf 88' lang='lat' dir='ltr'>aethere</span> <span class='ocrx_word' id='word_1_85' title='bbox 689 2672 757 2743; x_wconf 94' lang='lat' dir='ltr'>pro</span> <span class='ocrx_word' id='word_1_86' title='bbox 777 2672 916 2743; x_wconf 89' lang='lat' dir='ltr'>magna</span> <span class='ocrx_word' id='word_1_87' title='bbox 934 2655 1040 2744; x_wconf 91' lang='lat' dir='ltr'>parte</span> <span class='ocrx_word' id='word_1_88' title='bbox 1060 2652 1220 2724; x_wconf 91' lang='lat' dir='ltr'>solubili.</span> 
     </span>
    </p>

    <p class='ocr_par' dir='ltr' id='par_1_5' title="bbox 271 2779 449 2852">
     <span class='ocr_line' id='line_1_17' title="bbox 271 2779 449 2852; baseline 0.011 -2"><span class='ocrx_word' id='word_1_89' title='bbox 271 2779 449 2852; x_wconf 76' lang='lat' dir='ltr'>Tinctum.</span> 
     </span>
    </p>
   </div>
   <div class='ocr_carea' id='block_1_4' title="bbox 631 3101 885 3218">
    <p class='ocr_par' dir='ltr' id='par_1_6' title="bbox 631 3101 885 3218">
     <span class='ocr_line' id='line_1_18' title="bbox 631 3101 885 3218; baseline 0.02 -7"><span class='ocrx_word' id='word_1_90' title='bbox 631 3101 885 3218; x_wconf 79' lang='lat' dir='ltr'>Cateolru.</span> 
     </span>
    </p>
   </div>
   <div class='ocr_carea' id='block_1_5' title="bbox 66 3323 1359 4823">
    <p class='ocr_par' dir='ltr' id='par_1_7' title="bbox 160 3323 1356 3552">
     <span class='ocr_line' id='line_1_19' title="bbox 267 3323 1356 3414; baseline 0.001 -16"><span class='ocrx_word' id='word_1_91' title='bbox 267 3328 399 3399; x_wconf 82' lang='lat' dir='ltr'>Acacia</span> <span class='ocrx_word' id='word_1_92' title='bbox 424 3323 568 3398; x_wconf 72' lang='lat' dir='ltr'>Galeria</span> <span class='ocrx_word' id='word_1_93' title='bbox 587 3327 859 3414; x_wconf 87' lang='lat' dir='ltr'>Willdenow,</span> <span class='ocrx_word' id='word_1_94' title='bbox 877 3325 992 3398; x_wconf 86' lang='lat' dir='ltr'>arbor</span> <span class='ocrx_word' id='word_1_95' title='bbox 1006 3325 1133 3400; x_wconf 89' lang='lat' dir='ltr'>Indiae</span> <span class='ocrx_word' id='word_1_96' title='bbox 1153 3327 1356 3401; x_wconf 76' lang='lat' dir='ltr'>orientalis,</span> 
     </span>
     <span class='ocr_line' id='line_1_20' title="bbox 160 3453 696 3552; baseline 0.002 -25"><span class='ocrx_word' id='word_1_97' title='bbox 160 3453 421 3552; x_wconf 80' lang='lat' dir='ltr'>Lepuminosoe.</span> <span class='ocrx_word' id='word_1_98' title='bbox 450 3453 696 3528; x_wconf 83' lang='lat' dir='ltr'>Mimosaceae.</span> 
     </span>
    </p>

    <p class='ocr_par' dir='ltr' id='par_1_8' title="bbox 156 3579 1359 4437">
     <span class='ocr_line' id='line_1_21' title="bbox 269 3579 1357 3676; baseline 0.001 -21"><span class='ocrx_word' id='word_1_99' title='bbox 269 3583 485 3655; x_wconf 82' lang='lat' dir='ltr'>Extractum</span> <span class='ocrx_word' id='word_1_100' title='bbox 517 3603 705 3676; x_wconf 92' lang='lat' dir='ltr'>aquosum</span> <span class='ocrx_word' id='word_1_101' title='bbox 740 3579 893 3670; x_wconf 91' lang='lat' dir='ltr'>siccum,</span> <span class='ocrx_word' id='word_1_102' title='bbox 929 3581 966 3652; x_wconf 92' lang='lat' dir='ltr'>in</span> <span class='ocrx_word' id='word_1_103' title='bbox 998 3581 1104 3656; x_wconf 90' lang='lat' dir='ltr'>lndia</span> <span class='ocrx_word' id='word_1_104' title='bbox 1142 3584 1312 3656; x_wconf 89' lang='lat' dir='ltr'>orientali</span> <span class='ocrx_word' id='word_1_105' title='bbox 1338 3607 1357 3656; x_wconf 91' lang='lat' dir='ltr'>e</span> 
     </span>
     <span class='ocr_line' id='line_1_22' title="bbox 159 3708 1356 3798; baseline -0.001 -15"><span class='ocrx_word' id='word_1_106' title='bbox 159 3710 352 3783; x_wconf 90' lang='lat' dir='ltr'>duramine</span> <span class='ocrx_word' id='word_1_107' title='bbox 388 3710 530 3782; x_wconf 88' lang='lat' dir='ltr'>arboris</span> <span class='ocrx_word' id='word_1_108' title='bbox 559 3711 718 3782; x_wconf 90' lang='lat' dir='ltr'>obscure</span> <span class='ocrx_word' id='word_1_109' title='bbox 741 3708 845 3780; x_wconf 88' lang='lat' dir='ltr'>lusco</span> <span class='ocrx_word' id='word_1_110' title='bbox 871 3713 1054 3798; x_wconf 89' lang='lat' dir='ltr'>paratum,</span> <span class='ocrx_word' id='word_1_111' title='bbox 1084 3709 1180 3781; x_wconf 87' lang='lat' dir='ltr'>sistit</span> <span class='ocrx_word' id='word_1_112' title='bbox 1207 3733 1356 3782; x_wconf 88' lang='lat' dir='ltr'>massas</span> 
     </span>
     <span class='ocr_line' id='line_1_23' title="bbox 160 3835 1356 3929; baseline -0.001 -19"><span class='ocrx_word' id='word_1_113' title='bbox 160 3837 285 3927; x_wconf 76' lang='lat' dir='ltr'>durae,</span> <span class='ocrx_word' id='word_1_114' title='bbox 315 3837 467 3927; x_wconf 90' lang='lat' dir='ltr'>solidas,</span> <span class='ocrx_word' id='word_1_115' title='bbox 496 3836 658 3929; x_wconf 87' lang='lat' dir='ltr'>fragiles,</span> <span class='ocrx_word' id='word_1_116' title='bbox 680 3835 913 3908; x_wconf 84' lang='lat' dir='ltr'>extrinsecus</span> <span class='ocrx_word' id='word_1_117' title='bbox 935 3856 1086 3927; x_wconf 89' lang='lat' dir='ltr'>opacas,</span> <span class='ocrx_word' id='word_1_118' title='bbox 1109 3857 1276 3928; x_wconf 89' lang='lat' dir='ltr'>asperas,</span> <span class='ocrx_word' id='word_1_119' title='bbox 1297 3859 1356 3909; x_wconf 90' lang='lat' dir='ltr'>co·</span> 
     </span>
     <span class='ocr_line' id='line_1_24' title="bbox 158 3961 1359 4056; baseline 0.001 -21"><span class='ocrx_word' id='word_1_120' title='bbox 158 3964 248 4037; x_wconf 90' lang='lat' dir='ltr'>loris</span> <span class='ocrx_word' id='word_1_121' title='bbox 269 3965 430 4038; x_wconf 89' lang='lat' dir='ltr'>obscure</span> <span class='ocrx_word' id='word_1_122' title='bbox 451 3962 613 4056; x_wconf 88' lang='lat' dir='ltr'>hepatici</span> <span class='ocrx_word' id='word_1_123' title='bbox 633 3969 698 4036; x_wconf 89' lang='lat' dir='ltr'>aut</span> <span class='ocrx_word' id='word_1_124' title='bbox 718 3961 924 4050; x_wconf 87' lang='lat' dir='ltr'>atro-fusci,</span> <span class='ocrx_word' id='word_1_125' title='bbox 945 3961 983 4034; x_wconf 90' lang='lat' dir='ltr'>in</span> <span class='ocrx_word' id='word_1_126' title='bbox 1000 3963 1161 4035; x_wconf 79' lang='lat' dir='ltr'>tractura</span> <span class='ocrx_word' id='word_1_127' title='bbox 1175 3965 1359 4037; x_wconf 90' lang='lat' dir='ltr'>conchata</span> 
     </span>
     <span class='ocr_line' id='line_1_25' title="bbox 156 4088 1358 4182; baseline 0.001 -19"><span class='ocrx_word' id='word_1_128' title='bbox 156 4090 545 4180; x_wconf 89' lang='lat' dir='ltr'>resinoso-nitentes,</span> <span class='ocrx_word' id='word_1_129' title='bbox 603 4090 842 4163; x_wconf 92' lang='lat' dir='ltr'>solummodo</span> <span class='ocrx_word' id='word_1_130' title='bbox 890 4088 928 4161; x_wconf 93' lang='lat' dir='ltr'>in</span> <span class='ocrx_word' id='word_1_131' title='bbox 975 4090 1166 4182; x_wconf 88' lang='lat' dir='ltr'>particulis</span> <span class='ocrx_word' id='word_1_132' title='bbox 1214 4091 1358 4182; x_wconf 82' lang='lat' dir='ltr'>exiguis</span> 
     </span>
     <span class='ocr_line' id='line_1_26' title="bbox 159 4217 1359 4313; baseline -0.003 -21"><span class='ocrx_word' id='word_1_133' title='bbox 159 4219 470 4313; x_wconf 80' lang='lat' dir='ltr'>semipellucidaS,</span> <span class='ocrx_word' id='word_1_134' title='bbox 518 4219 591 4291; x_wconf 91' lang='lat' dir='ltr'>sub</span> <span class='ocrx_word' id='word_1_135' title='bbox 630 4217 877 4311; x_wconf 89' lang='lat' dir='ltr'>microscopio</span> <span class='ocrx_word' id='word_1_136' title='bbox 917 4219 1165 4310; x_wconf 86' lang='lat' dir='ltr'>crystallinas,</span> <span class='ocrx_word' id='word_1_137' title='bbox 1214 4218 1359 4311; x_wconf 89' lang='lat' dir='ltr'>saporis</span> 
     </span>
     <span class='ocr_line' id='line_1_27' title="bbox 158 4335 980 4437; baseline -0.002 -18"><span class='ocrx_word' id='word_1_138' title='bbox 158 4347 265 4420; x_wconf 87' lang='lat' dir='ltr'>valde</span> <span class='ocrx_word' id='word_1_139' title='bbox 286 4345 564 4437; x_wconf 84' lang='lat' dir='ltr'>adstringentis,</span> <span class='ocrx_word' id='word_1_140' title='bbox 592 4335 724 4419; x_wconf 88' lang='lat' dir='ltr'>deinde</span> <span class='ocrx_word' id='word_1_141' title='bbox 747 4345 980 4418; x_wconf 88' lang='lat' dir='ltr'>dulciusculi.</span> 
     </span>
    </p>

    <p class='ocr_par' dir='ltr' id='par_1_9' title="bbox 66 4471 1358 4823">
     <span class='ocr_line' id='line_1_28' title="bbox 265 4471 1357 4566; baseline 0.001 -21"><span class='ocrx_word' id='word_1_142' title='bbox 265 4473 393 4546; x_wconf 87' lang='lat' dir='ltr'>Pulvis</span> <span class='ocrx_word' id='word_1_143' title='bbox 428 4495 447 4545; x_wconf 90' lang='lat' dir='ltr'>e</span> <span class='ocrx_word' id='word_1_144' title='bbox 477 4473 601 4566; x_wconf 89' lang='lat' dir='ltr'>griseo</span> <span class='ocrx_word' id='word_1_145' title='bbox 621 4473 763 4562; x_wconf 74' lang='lat' dir='ltr'>fuscus</span> <span class='ocrx_word' id='word_1_146' title='bbox 794 4495 880 4545; x_wconf 90' lang='lat' dir='ltr'>cum</span> <span class='ocrx_word' id='word_1_147' title='bbox 900 4493 999 4564; x_wconf 88' lang='lat' dir='ltr'>aqua</span> <span class='ocrx_word' id='word_1_148' title='bbox 1029 4472 1077 4544; x_wconf 93' lang='lat' dir='ltr'>ad</span> <span class='ocrx_word' id='word_1_149' title='bbox 1106 4471 1357 4546; x_wconf 91' lang='lat' dir='ltr'>ebulliendum</span> 
     </span>
     <span class='ocr_line' id='line_1_29' title="bbox 66 4599 1347 4694; baseline -0.003 -20"><span class='ocrx_word' id='word_1_150' title='bbox 66 4607 73 4616; x_wconf 85' lang='lat'><strong>&#39;</strong></span> <span class='ocrx_word' id='word_1_151' title='bbox 157 4599 1073 4694; x_wconf 81' lang='lat' dir='ltr'>fervefactus,liquoremturbidum,laccammusci</span> <span class='ocrx_word' id='word_1_152' title='bbox 1084 4601 1347 4672; x_wconf 89' lang='lat' dir='ltr'>rubescentem</span> 
     </span>
     <span class='ocr_line' id='line_1_30' title="bbox 157 4726 1358 4823; baseline -0.003 -23"><span class='ocrx_word' id='word_1_153' title='bbox 157 4750 241 4800; x_wconf 91' lang='lat' dir='ltr'>cum</span> <span class='ocrx_word' id='word_1_154' title='bbox 266 4727 397 4820; x_wconf 89' lang='lat' dir='ltr'>spiritu</span> <span class='ocrx_word' id='word_1_155' title='bbox 423 4728 496 4801; x_wconf 93' lang='lat' dir='ltr'>vini</span> <span class='ocrx_word' id='word_1_156' title='bbox 526 4726 725 4801; x_wconf 74' lang='lat' dir='ltr'>ebrdliente</span> <span class='ocrx_word' id='word_1_157' title='bbox 745 4727 971 4798; x_wconf 91' lang='lat' dir='ltr'>solutionem</span> <span class='ocrx_word' id='word_1_158' title='bbox 991 4727 1194 4823; x_wconf 90' lang='lat' dir='ltr'>limpidam,</span> <span class='ocrx_word' id='word_1_159' title='bbox 1221 4726 1358 4800; x_wconf 87' lang='lat' dir='ltr'>coloris</span> 
     </span>
    </p>
   </div>
   <div class='ocr_carea' id='block_1_6' title="bbox 0 0 1756 5454">
    <p class='ocr_par' dir='ltr' id='par_1_10' title="bbox 0 0 1756 5454">
     <span class='ocr_line' id='line_1_31' title="bbox 0 0 1756 5454; baseline 0 1"><span class='ocrx_word' id='word_1_160' title='bbox 0 0 1756 5454; x_wconf 95' lang='lat' dir='ltr'> </span> 
     </span>
    </p>
   </div>
  </div>
 </body>
</html>
