3502 5454
645 539 858 612 ,49-

257 753 416 829 Mixtura
444 756 591 829 calefiat
619 756 739 831 donec
772 756 866 830 odor
894 757 1011 830 chlori
1040 759 1239 850 evanuerit,
1268 764 1347 833 turn

150 884 275 974 digere
293 883 476 976 liquorem
497 884 671 958 addendo

286 1008 394 1087 caleti
415 1007 679 1110 hydrooxydnti
731 1020 927 1110 prommcto
947 1013 1057 1086 decem
1300 1017 1347 1089 10

148 1163 215 1234 per
234 1139 472 1229 semihoram,
493 1140 578 1213 dein
599 1141 705 1214 filtra.

256 1267 407 1340 Filtrato
426 1267 591 1360 limpide,
612 1269 719 1342 acido
740 1269 879 1342 ucetico
901 1269 1015 1342 diluto
1033 1270 1231 1360 acidulat0,
1249 1272 1345 1344 adde

15 1387 17 1394 ’
150 1395 324 1468 continue
345 1394 520 1486 agitando
542 1395 768 1468 solutionem
790 1419 833 1469 ex

15 1636 185 1705 ‘et

285 1518 394 1598 Nulrll
415 1518 652 1623 phosphorlol
692 1525 864 1620 prommis
881 1525 1036 1598 trecentis
1053 1527 1233 1623 secoyinta
1270 1526 1346 1598 360

285 1739 406 1840 Aquae
427 1683 820 1818 destrimentum

650 1876 885 1965 yrammotum
904 1869 1039 1944 duobus
1059 1870 1212 1943 millibus
1242 1873 1347 1946 0000

148 1985 329 2073 paratam.

258 2107 1346 2202 Sedimentumindenatumpostaliquothorasinlinteum

146 2237 342 2310 humidum
376 2235 582 2325 collectum,
621 2257 720 2329 aqua
753 2237 846 2326 elue,
875 2237 995 2310 donec
1023 2236 1145 2330 liquor
1174 2236 1346 2310 defluxus

148 2363 255 2436 acido
271 2363 402 2436 uitrico
418 2363 637 2452 acidulatus
658 2369 812 2456 argento
832 2364 961 2437 uitrico
976 2365 1170 2457 paululum
1185 2364 1348 2452 nonnisi,

147 2493 349 2585 opalescat,
382 2499 463 2566 tum
487 2493 620 2566 leniter
649 2493 868 2566 calefactum
897 2491 1055 2566 siccetur
1083 2498 1120 2565 et
1147 2493 1347 2566 contritum

146 2626 324 2694 senetur.

254 2747 381 2821 Pulvis
397 2749 514 2837 albae,
529 2749 632 2838 levia,
649 2747 896 2840 crystallinus,
912 2748 949 2820 in
961 2769 1061 2840 aqua
1074 2747 1293 2837 insolubilis
1308 2747 1347 2820 in

144 2876 251 2949 acido
267 2876 407 2949 ucetico
423 2876 553 2967 frigido
570 2875 777 2963 difficulter,
796 2875 835 2947 in
855 2875 981 2964 acidis,
998 2880 1034 2949 et
1047 2874 1346 2966 hydroehlorico,

146 3008 182 3076 et
201 3003 331 3076 nitrico
352 3003 479 3092 diluta,
500 3003 579 3076 sinc
601 3002 881 3076 effervescentia
900 3007 1070 3095 prompte
1091 3001 1271 3074 solubilis.

256 3131 397 3205 Solutio
423 3131 553 3204 nitrica
581 3153 666 3203 cum
693 3135 846 3222 argento
871 3128 1002 3202 uitrico
1028 3129 1146 3201 mixta
1175 3133 1211 3200 et
1239 3133 1346 3202 caute

146 3259 336 3331 ammonia
351 3259 604 3346 neutralisata,
615 3256 898 3350 praecipitatum
913 3278 1014 3330 mere
1031 3257 1179 3342 ssavum,
1190 3255 1229 3328 in
1241 3277 1345 3328 exce·

146 3386 257 3458 dente
270 3386 460 3459 ammonia
472 3391 508 3459 et
521 3385 560 3458 in
571 3385 677 3459 acido
688 3385 819 3458 uitrico
829 3384 980 3477 limpide
991 3384 1148 3457 solubile
1157 3384 1345 3477 praebeat

255 3513 398 3587 Solutio
422 3514 555 3586 nitrica
586 3514 702 3605 baryo
735 3513 868 3586 uitrico
900 3533 949 3585 ne
981 3516 1154 3600 mutetur,
1190 3517 1346 3604 argento

146 3642 277 3715 nitrico
291 3642 446 3735 paulum
461 3641 612 3714 nonnisi
631 3641 833 3733 opalescat,
850 3639 1040 3713 ammonia
1055 3639 1204 3712 abunde
1219 3640 1346 3713 addita

12 3823 13 3844 1
147 3769 335 3842 ammonio
356 3769 538 3841 sulfurato
559 3768 808 3841 sedimentum
837 3788 939 3840 mere
969 3767 1096 3840 album
1127 3767 1272 3841 efficiat.
1302 3767 1345 3839 In

147 3901 332 3989 apparatu
356 3895 508 3968 Marshii
542 3901 725 3968 tentatum
746 3894 889 3987 speculi
923 3895 1081 3968 arsenici
1113 3917 1160 3969 ne
1196 3895 1346 3988 quidem

146 4023 303 4115 vestigia
322 4023 465 4116 prodat.

347 4269 581 4378 0οΙοἰ11111
610 4270 927 4379 sulfuricum
952 4277 1150 4388 ustum.

254 4458 380 4532 Pulvis
393 4459 512 4548 albus
523 4459 740 4552 arnurphus,
756 4481 856 4553 aqua
867 4463 1095 4551 temperatus
1110 4460 1345 4553 pulmentum

146 4588 334 4683 praebeat,
356 4587 458 4679 quod
475 4587 578 4660 brevi
596 4593 762 4681 tempore
782 4585 955 4662 durescit.

256 4715 429 4788 Servetur
448 4714 531 4787 loco
551 4715 662 4788 sicco.

254 4853 449 4908 Pharmtcopocu.
1109 4854 1127 4908 4
