3576 5454
883 552 1127 624 —ldd-

408 767 567 858 spoliate
595 788 714 858 aeque
744 789 787 840 ac
820 769 965 844 radices
992 770 1149 842 aliarum
1178 771 1388 864 specierum
1415 769 1604 864 Ipomaeae,

408 898 450 967 ui
467 894 574 968 radix
587 895 742 986 lignosa,
762 896 800 968 in
819 897 981 970 fractura
995 898 1102 970 valde
1117 898 1259 971 fibrosa
1272 898 1454 992 Ipamoeae
1477 895 1601 969 Orea-

408 1021 518 1094 heasie
547 1022 833 1114 (Ledauois)‚
868 1027 939 1097 sub
969 1027 1120 1098 nomine
1155 1025 1305 1098 Radicis
1334 1025 1487 1117 Jalapae
1511 1026 1602 1098 levis

408 1171 477 1223 seu
509 1150 712 1223 susisormis
734 1149 895 1246 (Stipites
913 1151 1080 1247 Jalapae)
1101 1157 1200 1240 noia,
1221 1156 1286 1225 aui
1304 1152 1409 1224 radix
1424 1153 1602 1225 tuberosa

407 1277 587 1372 Ipomoeae
618 1277 819 1350 simulantis
855 1279 1117 1373 (Hanbury)‚
1150 1280 1279 1352 similis
1309 1281 1460 1371 quidem
1491 1279 1602 1351 radici

406 1405 559 1498 Jalapae
588 1427 713 1495 verae,
744 1407 810 1480 sed
841 1407 1005 1480 resinam
1032 1408 1219 1500 praebens
1250 1407 1287 1479 in
1314 1408 1464 1480 aethere
1492 1407 1601 1499 plane

408 1532 617 1606 solubilem.
951 1506 955 1544 ¹

516 1660 657 1732 neena.
678 1661 816 1735 Pilalae
835 1663 1001 1735 laxantes.

742 2021 918 2131 Radix
936 2021 1274 2164 liquiritiae.

522 2243 753 2342 Glpeyrrle'ea
766 2245 887 2343 plabra
904 2248 1042 2336 Linn.‚
1061 2247 1190 2340 planta
1207 2245 1384 2339 perennis
1400 2244 1437 2315 in
1454 2243 1600 2335 Europa

406 2372 624 2452 australiore
652 2380 689 2446 et
716 2375 755 2447 in
773 2375 862 2448 Asia
892 2374 1260 2448 austro-occidentali
1289 2372 1473 2464 indigena,
1502 2371 1599 2463 apud

406 2520 477 2573 nos
498 2503 535 2572 et
552 2499 591 2572 in
611 2501 691 2573 aliis
717 2501 825 2575 terris
849 2501 992 2595 passim
1012 2503 1122 2575 culta.
1155 2499 1414 2597 Lepaminasae.
1442 2497 1597 2592 Papilio·

405 2650 539 2700 nareae.

516 2755 652 2828 Frusia
662 2757 797 2829 radicis
809 2756 968 2829 siccatae
989 2757 1198 2849 cylindrica‚
1212 2756 1337 2829 variae
1354 2754 1600 2846 longitudinis

404 2881 593 2975 usquead
615 2882 689 2956 duo
711 2885 930 2957 centimelra
959 2905 1099 2974 crassa,
1126 2885 1353 2976 ponderosa,
1378 2883 1534 2969 tenacia,
1562 2882 1598 2953 in

404 3011 568 3084 fracture
597 3033 729 3102 grosse
759 3018 795 3085 et
823 3010 942 3104 rigide
970 3011 1124 3099 fibrosa,
1154 3016 1263 3085 extus
1294 3033 1313 3083 e
1344 3011 1465 3102 griseo
1485 3011 1597 3096 lusca,

405 3159 538 3230 grosse
571 3140 888 3232 rugoso-sulcata,
927 3139 966 3211 in
1004 3140 1170 3212 sectione
1208 3145 1428 3213 transversa
1465 3137 1596 3209 eoloris

405 3265 564 3337 obscure
597 3265 695 3354 ssavi,
727 3271 763 3339 et
793 3267 928 3340 cortice
949 3267 1199 3340 crassiusculo
1226 3273 1263 3338 ei
1286 3266 1387 3357 ligno
1408 3268 1596 3356 comperio

406 3414 537 3486 grosse
581 3393 752 3467 radiatim
797 3395 939 3482 slrialo,
988 3395 1133 3487 saporis
1182 3392 1300 3466 duleis
1349 3414 1434 3464 eum
1479 3391 1597 3482 aliqua

404 3521 589 3594 acredine.

513 3647 732 3720 Ealraeium.
752 3648 933 3720 Derectam
952 3647 1212 3743 Sarsaparillae
1231 3648 1455 3743 compositam
1472 3647 1596 3738 fortius

404 3779 436 3844 et
473 3775 602 3848 miliar.
651 3774 784 3872 speeies
830 3774 1006 3848 Althaeae.
1047 3774 1181 3870 Species
1233 3773 1433 3872 [equorum.
1472 3773 1596 3870 Species

399 3901 596 3995 pectorales

595 4241 772 4351 Radix
797 4244 1116 4385 Liquiriliao
1141 4243 1420 4354 mundata.

520 4465 750 4562 Glyeyrrle'za
787 4466 944 4539 eela'aala
992 4469 1129 4557 Lirim,
1175 4470 1304 4560 planta
1347 4468 1533 4559 perennis,
1561 4469 1594 4539 in

403 4594 552 4686 Europa
571 4593 888 4667 austro-orientali
910 4595 1002 4666 etin
1022 4595 1113 4667 Asia
1138 4596 1359 4669 occidentali
1377 4601 1593 4688 spontanea.

404 4720 664 4818 Lepamiaosae.
691 4719 964 4815 Papilioaaeeae.

1765 2139 1767 2200 i

1766 2227 1767 2280 l
