3574 5454
682 553 925 626 -161-

560 766 774 875 llalium
792 765 1059 908 jodotum.

319 1012 491 1103 Crystalli
525 1011 688 1099 cubicae,
724 1011 927 1100 decolores
967 1011 1006 1084 in
1039 1017 1123 1083 aere
1142 1009 1406 1098 immutabiles,

209 1139 379 1213 facillime
399 1139 439 1212 in
458 1160 566 1230 aqua,
593 1138 699 1212 facile
718 1138 758 1212 in
787 1138 920 1231 spiritu
946 1137 1021 1211 vini
1045 1136 1235 1210 solubiles.
1262 1136 1405 1209 Solutio

209 1288 366 1360 aquosa,
386 1266 585 1339 reactionis
619 1265 696 1339 fere
729 1266 909 1354 neutrius
939 1286 1024 1338 cum
1057 1287 1173 1358 parva
1202 1264 1407 1356 quantitate

209 1417 329 1488 aquae
349 1393 466 1468 chlori
491 1393 607 1466 mixta
634 1393 802 1466 flavescit
828 1398 865 1466 et
889 1392 1193 1466 chloroformium
1219 1391 1407 1482 adjectum

209 1522 426 1616 quassando
447 1521 570 1593 colore
598 1521 765 1594 violaceo
789 1519 912 1611 nogia
941 1518 1071 1592 eadem
1097 1520 1204 1593 acido
1232 1519 1405 1592 tartarico

209 1651 357 1724 abunde
378 1648 503 1722 addito
523 1648 704 1741 paulatim
723 1648 977 1722 sedimentum
1000 1646 1129 1719 album
1150 1647 1405 1739 crystallinum

209 1777 378 1852 demittit.

317 1904 490 1997 Crystalli
510 1904 738 1998 pulveratae,
760 1903 870 2005 acido·
887 1903 1063 1976 sullurlco
1080 1903 1197 1976 diluto
1214 1904 1403 1976 humecta-

206 2041 277 2127 tae,
296 2055 366 2106 nec
387 2031 635 2105 effervescant
652 2051 722 2103 nec
743 2031 906 2103 colorem
925 2030 1064 2103 ssavum
1082 2029 1250 2104 induant.

317 2158 460 2234 Solutio
480 2179 624 2251 aquosa
643 2179 712 2230 nec
732 2179 831 2250 aqua
850 2158 1162 2249 hydrosuliurata,
1178 2179 1249 2230 nec
1263 2178 1404 2230 ammo-

207 2291 269 2364 nio
290 2288 483 2376 sulfurato,
508 2307 578 2360 nec
606 2285 721 2378 baryo
750 2285 882 2359 nitrico
907 2286 1086 2358 turbetur.
1115 2285 1406 2378 Praecipitatum

206 2417 343 2511 pallide
376 2417 525 2504 flavum,
564 2414 665 2507 quod
704 2436 749 2486 ex
787 2413 975 2488 solutione
1009 2435 1080 2507 ope
1111 2413 1254 2505 argenti
1286 2413 1406 2486 uitrici

207 2544 425 2632 obtinueris
447 2564 533 2615 cum
552 2541 742 2615 ammonia
762 2547 983 2635 quassatum
1007 2543 1191 2634 liquorem
1217 2541 1406 2634 praebeat,

207 2675 271 2767 qui
290 2673 449 2746 filtratus
470 2676 506 2744 et
526 2671 633 2744 acido
661 2672 792 2744 uitrico
822 2671 1031 2744 acidulatus
1060 2668 1230 2742 turbidus
1255 2669 1407 2741 nonnisi

207 2800 340 2888 evadit,
369 2821 447 2872 non
472 2821 560 2872 vero
584 2799 870 2892 praecipitatum
890 2799 1052 2892 deponit.
1088 2796 1231 2870 Solutio
1261 2818 1405 2888 aquosa

205 2927 370 3022 pauxillo
389 2926 476 2999 ferri
496 2927 662 2999 sulfurici
683 2931 719 3000 et
744 2925 1033 3019 sesqoichlorati
1059 2924 1204 3015 adjecto
1239 2930 1275 2998 et
1307 2924 1405 2996 kalio

206 3055 489 3148 hydrooxydato
506 3055 631 3127 soluto
648 3053 772 3142 mixta,
790 3053 875 3127 dein
889 3053 1021 3125 leniter
1036 3053 1226 3140 calefacta,
1245 3052 1405 3143 denique

207 3183 314 3256 acido
353 3182 640 3274 hydrochlorico
687 3186 865 3271 saturata,
905 3181 1068 3253 colorem
1108 3180 1321 3253 caeruleum
1357 3202 1405 3252 ne

207 3310 396 3383 exhibeat.

405 3742 617 3851 llalium
662 3740 1214 3851 Nutrio-tartaricum.

413 3990 478 4069 Sal
501 3987 707 4093 Seignetti.
730 3990 922 4066 Tartarus
946 3991 1199 4066 natronatus

315 4202 488 4294 Crystalli
524 4199 772 4295 prismaticae,
811 4200 1014 4288 decolores,
1047 4200 1266 4294 pellucidae,
1306 4223 1405 4293 aqua

206 4329 339 4421 frigida
357 4329 463 4401 facile
489 4334 524 4401 et
549 4329 709 4421 perfecte
730 4327 920 4399 solubiles,
947 4326 1156 4400 Calefactae
1181 4327 1403 4419 liquescunt,

206 4478 345 4550 aquarn
364 4457 619 4547 crystallinam
639 4456 819 4546 emittunt,
840 4455 963 4527 calore
991 4460 1101 4528 aucto
1131 4455 1286 4527 odorem
1322 4477 1402 4528 sac-

206 4585 309 4659 chari
327 4585 416 4657 tosti
435 4589 616 4677 spargunt
643 4585 741 4656 etin
771 4604 939 4656 massam
973 4587 1094 4655 atram
1127 4587 1403 4671 convertuntur,

207 4733 301 4804 quae
315 4711 531 4784 humectata
544 4710 771 4784 reactionem
783 4711 979 4784 alcalinam
994 4711 1148 4802 praebet
1163 4714 1199 4782 et
1213 4711 1404 4782 flammam

313 4848 361 4892 Pha
362 4862 440 4892 rrrrr
441 4861 505 4904 poen·
1153 4852 1183 4906 11
