3574 5454
686 571 928 643 -1u7—

287 791 652 900 Fructus
686 782 1318 922 decemoctorum.

317 989 487 1062 Citrultus
514 989 729 1086 Colecyntlris
750 989 1010 1078 Schrader,
1041 989 1169 1080 planta
1196 1009 1332 1077 annua,
1363 989 1399 1061 in

201 1119 352 1210 regione
382 1118 664 1206 mediterranea,
693 1118 819 1190 Auica
845 1117 989 1209 tropica
1019 1123 1055 1188 et
1073 1115 1164 1187 Asia
1183 1115 1399 1188 occidentali

202 1245 378 1338 indigena
397 1249 433 1317 et
452 1245 596 1337 passim
617 1246 725 1317 culta.
751 1243 1030 1316 Cucurbituccuc.

310 1373 454 1445 Barcae
468 1377 640 1445 maturae
655 1373 822 1462 siccatae,
835 1372 882 1443 ab
898 1371 1087 1464 epicarpio
1105 1370 1285 1460 cenaene,
1300 1372 1399 1444 luteo

201 1501 390 1588 liberatae,
399 1498 667 1590 magnitudinis
678 1498 860 1589 durandi,
872 1498 1062 1590 globosae,
1072 1499 1187 1591 pulpa
1199 1499 1400 1587 levissima,

202 1648 372 1716 exsucca,
401 1627 616 1719 spongiosa,
647 1624 985 1714 subitavide-alba,
1021 1625 1275 1714 amarissima,
1313 1647 1398 1698 sex-

201 1755 397 1842 loculatae,
427 1755 464 1825 in
489 1754 655 1827 sectione
684 1760 900 1827 transversa
921 1774 1013 1825 cave
1034 1753 1188 1826 centrali
1206 1753 1399 1827 triradiate

200 1882 338 1968 hiante,
354 1881 440 1953 inde
450 1881 622 1954 facillime
634 1881 854 1954 secedentes
866 1881 904 1952 in
915 1880 986 1952 tria
1002 1886 1198 1973 segmenta
1213 1881 1400 1953 verticalia

201 2008 415 2096 bileculata‚
435 2009 595 2101 plurima
615 2009 760 2082 semina
780 2014 900 2096 ovata,
923 2029 1149 2100 compressa,
1165 2031 1242 2081 non
1262 2009 1397 2100 margi-

200 2141 300 2226 nata,
315 2135 485 2224 nitidula,
502 2137 672 2208 celerise
694 2135 874 2208 subviridi
892 2135 1138 2209 luscescentis
1158 2136 1397 2209 continentia.

311 2262 524 2336 Seminibus
544 2263 697 2336 remotis
719 2261 977 2335 adhibeantur.

310 2389 524 2463 Extractum.

519 2713 746 2822 urruns
776 2713 1079 2822 Coriendri.

314 2936 549 3010 Coriendrum
578 2940 730 3010 sativum
758 2938 894 3029 Linn,
925 2938 1052 3031 planta
1081 2958 1207 3009 annua
1227 2936 1398 3029 Europae

198 3065 385 3154 australis,
408 3067 508 3158 apud
527 3087 598 3138 nos
620 3066 729 3138 culta.
758 3064 1005 3160 Umletltseroe.

308 3193 571 3286 Schizocamia
603 3194 715 3286 plane
744 3199 892 3266 matura
919 3193 1069 3282 siccata,
1095 3193 1269 3286 globosa,
1298 3193 1398 3265 intus

199 3341 304 3408 cava,
318 3321 443 3413 calyce
460 3321 778 3413 quinquedcntato
790 3326 980 3409 coronata,
993 3327 1154 3413 quatuor
1169 3322 1216 3393 ad
1232 3321 1399 3412 quinque

198 3447 408 3522 millimetra
421 3448 460 3520 in
477 3447 670 3537 diametro,
683 3448 907 3521 echroleuca
922 3449 979 3520 vel
994 3449 1256 3538 luscescentia,
1266 3448 1397 3539 laevia,

199 3573 338 3664 glabra,
348 3575 388 3646 in
399 3575 543 3647 ambitu
554 3575 683 3647 decem
695 3575 1000 3668 costisprimariis
1012 3576 1210 3668 depressis
1220 3576 1398 3649 flexuosis

198 3705 234 3773 et
248 3702 360 3774 tantis
376 3703 491 3775 costis
508 3701 743 3774 secundariis
759 3703 1072 3794 prominentibus
1093 3703 1280 3790 carinatis
1300 3703 1399 3780 vittis

197 3827 295 3900 inter
314 3834 439 3902 costas
464 3830 587 3916 nulliS,
613 3830 652 3901 in
672 3831 923 3903 commissura
944 3830 1111 3922 geminis
1141 3830 1266 3902 ederis
1296 3836 1398 3921 grate

199 3956 407 4044 aromatici,
428 3957 575 4049 saporis
597 3957 798 4044 aromatici,
820 3957 1024 4031 subdulcis

307 4082 412 4178 Aque
432 4085 671 4156 corminntiro.
695 4083 852 4179 Spiritus
872 4085 1097 4156 aromaticus,

536 4407 765 4516 llruetus
792 4407 1063 4517 liubebee.

308 4609 418 4706 Piper·
451 4609 585 4684 Cubcle
613 4613 738 4686 Linn.
770 4615 831 4706 fit,
861 4616 982 4688 frutex
1005 4616 1190 4689 scandens
1210 4614 1249 4685 in
1268 4613 1400 4686 insulis
1508 4651 1511 4658 ·

200 4737 292 4809 Java
313 4743 350 4810 et
369 4738 546 4811 Sumatra
565 4747 797 4833 spontaneus
818 4747 854 4815 et
875 4743 1005 4815 cultus
1027 4741 1246 4836 Piperoceac.
1349 4775 1350 4780 ,
