3576 5454
675 591 918 664 -u79—

267 807 672 921 Tinctum
715 805 906 943 uper
938 808 1328 946 simplem.

204 1031 301 1123 Rpe:
342 1023 500 1128 Spiritus
520 1026 595 1104 vm
616 1025 840 1106 uuuoeutruti

859 1161 1063 1254 qrammalu
1081 1158 1279 1255 nonoqintc
1351 1159 1402 1231 90

204 1285 319 1358 misce
340 1305 425 1358 cum

340 1408 461 1510 ique
481 1407 695 1486 rlestlllslre

593 1537 768 1632 qrammis
789 1543 974 1612 contumel
994 1540 1265 1638 quinquaqinta.
1326 1541 1401 1612 150

313 1667 406 1740 Cum
425 1664 539 1757 hujus
558 1665 748 1740 miscellae
769 1687 798 1738 s
820 1688 855 1758 q.
876 1688 1083 1760 consperge

311 1791 391 1895 llpli
411 1791 536 1870 elocuti
556 1813 684 1894 grosse
704 1790 888 1892 pulverull
914 1801 1119 1892 yrcmmulc
1139 1795 1277 1890 violati,
1349 1795 1399 1866 00

201 1923 291 2014 quin
312 1921 544 2013 conglobeut.
564 1921 687 1994 Horae
708 1921 850 1994 circiter
870 1923 991 2014 spatio
1013 1923 1141 2015 elapso
1170 1923 1297 2014 ingere
1318 1921 1402 2015 Opil

199 2050 390 2143 pulverem
408 2048 446 2121 iu
466 2053 687 2142 apparatum
702 2048 956 2141 depulsorium
986 2055 1022 2124 ct
1045 2050 1271 2143 superluude
1300 2048 1402 2122 sulli-

200 2179 359 2251 cientem
370 2176 615 2268 quantitatem
625 2177 812 2250 miscellae
828 2177 1062 2270 spirituosae,
1076 2181 1119 2250 ut
1131 2177 1281 2270 penitus
1296 2176 1399 2248 obte-

200 2312 318 2398 gatur.
338 2304 484 2378 Macera
501 2325 568 2396 per
589 2304 836 2396 quadraginta
854 2309 939 2378 octo
954 2304 1079 2378 horas,
1096 2303 1241 2392 Quibus
1262 2302 1401 2376 exactis

198 2432 383 2524 liquorem
430 2430 568 2504 stillare
619 2431 734 2504 siuas
786 2431 953 2506 Residuo
1004 2451 1071 2523 per
1113 2430 1213 2504 vices
1248 2428 1400 2502 aliunde

133 2591 136 2596 ·
198 2559 405 2632 miscellam
437 2557 678 2650 spirituosam
709 2558 910 2648 residuam,
951 2561 1071 2632 donec
1098 2558 1248 2649 pondus
1284 2554 1400 2628 totius

197 2685 353 2778 liquoris
373 2685 517 2758 collecti
536 2684 585 2757 sit
638 2691 878 2780 yrammctunr
898 2684 1135 2758 ducentorum.
1319 2682 1398 2754 000

309 2812 488 2886 Tiuclura
507 2810 591 2904 Opii
610 2812 768 2906 simplex
796 2814 834 2888 in
863 2817 1012 2886 centum
1035 2813 1204 2906 partibus
1225 2807 1400 2883 solubilia

202 2940 333 3013 decem
352 2943 599 3031 grammatum
619 2939 702 3032 Opii
722 2941 865 3013 circiter
884 2940 1058 3028 continet,
1079 2938 1180 3031 quod
1201 2935 1399 3028 grammati

201 3067 267 3140 uni
285 3064 473 3158 Morphiui
492 3067 705 3160 respondet.

313 3193 528 3267 Grammata
538 3194 784 3286 quadraginta
793 3195 974 3268 tincturae
990 3193 1122 3266 eadem
1132 3193 1286 3283 ratione,
1303 3211 1400 3284 quae

203 3321 248 3395 de
268 3321 447 3394 Tinctura
466 3320 550 3414 Opil
570 3326 718 3394 crocata
735 3321 965 3414 praescripta
986 3325 1053 3410 est,
1076 3319 1287 3394 examinata
1305 3338 1397 3411 pon·

203 3451 274 3524 dus
294 3447 480 3542 Morphiui
498 3469 577 3522 non
596 3447 721 3522 miuus
742 3469 855 3540 quam
875 3448 965 3520 0·38
988 3446 1199 3520 exhibeant.

494 3769 756 3879 'linctum
782 3767 1107 3879 Rstaulriae.

310 3997 466 4070 Paretur
501 4015 520 4066 e
546 3993 686 4066 Radice
706 3993 915 4066 Rataulriae
934 3975 1129 4086 pulverata
1162 3997 1204 4064 ut
1223 3991 1400 4063 Tinctura

202 4123 379 4197 Aurautii.

466 4407 727 4515 'linctum
752 4403 888 4514 ltlrci
916 4438 1141 4546 aquosa.

203 4631 306 4724 llpe:
346 4625 490 4706 iudicis
508 4626 597 4707 illuri
616 4627 784 4706 concisse
838 4634 1041 4724 yrommolc
1061 4627 1171 4701 ducem
1351 4628 1398 4699 10

340 4752 448 4834 inicii
469 4751 652 4834 otrlluuici
673 4753 909 4855 crysiniiisuii
963 4762 1166 4854 quammula
1188 4755 1261 4827 tria
1375 4755 1397 4825 3
