3502 5454
634 570 850 642 ..17-

138 787 418 880 nigricantibuS,
435 809 551 880 saepe
567 789 720 881 pulvere
735 787 970 861 viridescenti
982 786 1185 882 adspersis,
1201 788 1339 881 fragili·

137 916 209 988 bus
232 915 526 1009 mobilibusque,
556 917 595 990 in
619 916 785 991 fractura
810 917 1228 1010 granulato-conchatiS,
1259 919 1341 992 vitri

137 1041 257 1115 instar
284 1043 500 1133 nitentibus
526 1044 565 1116 in
598 1043 769 1116 frustulis
788 1043 967 1116 tenuibus
988 1043 1108 1133 clane,
1134 1044 1341 1140 pellucidis

140 1170 340 1263 amorphis,
375 1172 497 1246 colore
518 1172 670 1245 flavido-
698 1175 763 1244 aut
788 1170 1110 1261 subrubra-fusco,
1148 1172 1342 1265 pulverem

139 1298 279 1370 flavum
325 1300 604 1390 praebentibus
653 1299 779 1372 odoris
831 1299 1030 1391 peculiaris
1079 1300 1340 1391 subnauseosi,

141 1425 287 1516 saporis
308 1427 505 1518 peramari.

249 1551 292 1624 In
312 1574 412 1645 aqua
430 1553 566 1644 frigida
584 1553 676 1627 Aloe
698 1574 744 1625 ex
771 1557 877 1646 parte
898 1553 1070 1641 solvitur;
1098 1575 1184 1626 cunr
1204 1555 1342 1646 duplici

141 1699 262 1772 aquae
273 1681 434 1754 fervidae
447 1682 652 1773 quantitate
664 1681 887 1754 solutionem
903 1682 979 1754 fere
990 1681 1193 1774 limpidam,
1206 1683 1341 1755 coloris

140 1807 235 1879 fusci
261 1809 426 1900 praebet,
455 1829 550 1901 quae
571 1809 788 1900 refrigerata
809 1810 1022 1883 substantia
1045 1810 1216 1882 resinosa
1242 1831 1342 1884 sece-

140 1934 252 2008 dente
276 1936 456 2008 turbatur.
487 1936 580 2009 Cum
603 1937 736 2030 spiritu
751 1936 825 2009 vini
845 1942 1085 2011 conce'utrato
1105 1938 1240 2010 solutio
1260 1961 1341 2031 per-

140 2064 235 2136 lecte
263 2063 416 2156 limpida
450 2065 575 2154 oritur,
611 2086 707 2156 quae
739 2066 798 2137 vel
824 2087 896 2158 ope
916 2065 1051 2138 caloris
1081 2065 1224 2153 effecta,
1256 2070 1343 2158 post
1453 2109 1455 2116 >

140 2189 457 2280 refrigerationem
476 2213 554 2264 nou
574 2192 753 2265 turbatur.
772 2191 972 2266 Aetherem
992 2191 1229 2265 ebullientem
1248 2192 1341 2266 Aloe

140 2317 378 2390 solummodo
398 2319 585 2392 levissime
605 2320 880 2408 flavescentem,
910 2319 1213 2392 chlorofonnium
1238 2320 1341 2392 nullo

144 2443 259 2517 modo
279 2445 433 2518 colorat.

250 2571 463 2646 Extractum.
480 2572 602 2646 Morsu
615 2574 814 2671 pilularum
826 2569 940 2666 Roffi.
962 2571 1101 2646 Pilulac
1120 2573 1285 2646 laxantes.

626 2770 865 2879 flumen.

248 2954 421 3047 Crystalli
440 2957 683 3046 octaedricae,
701 2956 906 3044 decolores
926 2954 964 3027 in
985 2963 1071 3029 aere
1096 2976 1234 3049 parum
1259 2955 1340 3028 fati·

140 3088 300 3173 scentes
317 3085 465 3178 saporis
493 3085 632 3178 stiptici
646 3085 854 3172 subdulcia,
874 3083 1077 3158 reactionis
1099 3083 1240 3157 acidae.
1259 3083 1340 3157 Sol-

139 3217 278 3286 vuntur
302 3212 340 3284 in
361 3211 489 3284 decem
509 3211 653 3284 circiter
671 3211 842 3305 partibus
863 3232 985 3303 aquae
1005 3210 1174 3303 frigidae,
1194 3210 1341 3284 facilius

141 3341 180 3413 in
201 3360 301 3433 aqua
320 3337 472 3411 fervida.
513 3338 723 3412 Calefactae
750 3359 890 3431 aquam
920 3338 1095 3411 emittunt
1114 3343 1150 3411 et
1170 3359 1341 3412 massam

141 3468 266 3540 albam
285 3467 533 3559 spongiosam
547 3466 772 3559 relinquunt,
792 3465 931 3559 ignitae
953 3466 1102 3540 acidum
1125 3467 1342 3539 sulfuricunr

143 3594 330 3667 emittunt.
365 3592 407 3666 ln
433 3592 547 3665 limbo
572 3593 748 3665 flammae
772 3613 909 3686 parum
928 3592 1108 3685 fulgentis
1130 3591 1342 3682 calefactae,

141 3721 243 3794 bunc
262 3721 431 3794 violaceo
452 3722 577 3794 colore
597 3719 777 3794 inficiunt.

249 3849 389 3942 Liquor
406 3848 492 3921 kalii
511 3849 784 3941 hydrooxydati
804 3849 843 3922 in
867 3849 1058 3922 solutione
1086 3869 1231 3941 aquosa
1252 3847 1340 3920 Alu-

146 3972 260 4047 minis
281 3973 532 4047 sedimentum
552 3974 692 4064 album,
714 3974 965 4068 gelatinosum
987 3975 1109 4064 efficit,
1126 3974 1228 4070 quod
1245 3975 1342 4048 kalio

142 4100 427 4193 hydrooxydato
447 4101 647 4174 excedente
677 4102 850 4190 solvitur;
877 4101 1000 4194 liquor
1019 4103 1258 4191 ammoniam,
1284 4103 1343 4174 vel

149 4229 361 4316 calefactus
376 4250 425 4300 ne
440 4228 618 4318 redoleat,
638 4249 761 4322 neque
778 4251 877 4322 aqua
892 4229 1200 4321 hydrosulfurata
1216 4231 1344 4304 addita

143 4359 325 4433 turbetur.

255 4485 399 4559 Solutio
447 4509 598 4580 quoque
639 4507 788 4579 aquosa
822 4509 923 4579 aqua
955 4485 1263 4579 hydrosulfurata
1295 4507 1343 4558 nc

144 4613 326 4686 turbetur.

254 4737 440 4812 Decoctum
460 4739 723 4836 Sarcaporilloe
742 4739 968 4835 compositum
984 4739 1125 4834 fortius.

255 4875 448 4933 Pharmucopooa.
1126 4879 1143 4932 2
