3502 5454
640 550 856 624 ,39-

577 820 684 928 Asa
707 819 928 937 foetida.

439 1050 761 1132 Gummi-resina
782 1051 872 1128 Asa
896 1048 1060 1128 foetida.

260 1245 405 1318 Ferulae
424 1247 580 1339 species,
604 1245 777 1337 inprimis
797 1215 926 1316 Ferale
950 1241 1180 1316 Scorodosmo
1201 1242 1341 1315 Bent-

152 1371 259 1444 ham
280 1377 316 1445 et
334 1373 530 1446 Hooker
550 1377 586 1446 et
601 1372 729 1444 Ferulu
744 1370 897 1444 Nortlwc
915 1371 1159 1459 Boissier‚
1179 1370 1348 1444 Persiam

152 1505 187 1572 et
202 1500 373 1591 regiones
390 1499 605 1593 adjacentes
625 1501 738 1573 Asiae
752 1499 1014 1572 inhabitantes,
1043 1497 1294 1590 Umbelliseroe.

264 1627 407 1700 Succus
424 1628 775 1719 gummi-resinosus
796 1648 815 1698 e
837 1626 959 1700 radice
981 1627 1185 1712 vulnerata,
1205 1630 1349 1698 resecto

152 1757 269 1845 caule,
295 1753 474 1844 effluxuS,
505 1762 590 1828 aere
617 1755 829 1843 induratus
864 1754 965 1827 sistit
991 1760 1056 1826 aut
1082 1773 1199 1845 grana
1218 1751 1349 1840 laevia,

151 1905 229 1954 non
248 1905 333 1955 raro
354 1883 481 1956 leviter
502 1903 727 1975 compressa,
748 1882 873 1954 variae
893 1880 1173 1972 magnitudinis
1190 1879 1351 1952 discreta

154 2014 220 2082 aut
237 2011 332 2083 iuter
351 2032 391 2083 se
412 2011 677 2102 conglutinata,
702 2009 924 2101 plerumque
945 2015 1072 2082 autem
1091 2027 1244 2080 massas
1265 2005 1350 2077 irre-

153 2138 301 2228 gulares
326 2138 539 2230 ampliores
561 2137 792 2210 extrinsecus
813 2136 946 2209 coloris
966 2135 1191 2222 ssavo-fusci,
1214 2133 1352 2227 partim

155 2263 318 2352 violacei,
331 2266 369 2337 in
380 2265 543 2338 fractura
553 2264 736 2338 conchata
750 2263 902 2352 lacteas
919 2264 1100 2357 opalinas
1116 2283 1222 2336 cerae
1235 2261 1353 2334 instar

153 2392 326 2480 nitentes
345 2413 433 2464 mox
456 2394 785 2485 purpurascentes
809 2389 963 2463 tandem
986 2391 1254 2477 luscescentcs,
1280 2387 1351 2460 sub

154 2518 276 2610 digitis
291 2519 550 2608 lentescentes‚
570 2519 607 2592 in
627 2517 848 2608 fragmentis
867 2518 1043 2590 tenuibus
1059 2515 1351 2610 subpellucidaS,

154 2645 280 2718 odoris
291 2647 524 2738 penetrantis
543 2644 685 2718 alliarei
698 2645 943 2736 persistentis,
961 2645 1109 2736 saporis
1127 2645 1235 2734 acris
1253 2664 1350 2716 ama·

154 2773 317 2846 ricantis

265 2900 359 2974 Cum
389 2923 488 2993 aqua
515 2900 602 2973 trita
630 2902 709 2973 Asa
736 2900 879 2974 foetida
907 2898 1155 2972 emulsionem
1189 2895 1354 2969 albidum

155 3029 317 3121 praebet.
332 3025 448 3100 Acido
464 3027 748 3120 hydrochlorieo
768 3049 816 3100 ne
831 3027 939 3100 valde
961 3027 1189 3113 effervescat,
1211 3022 1353 3096 sensim

156 3156 319 3228 colorem
337 3155 431 3230 belle
451 3155 606 3228 viridem
624 3155 755 3228 induit.
776 3155 982 3228 Combusta
1000 3174 1047 3226 ne
1062 3152 1150 3246 plus
1172 3172 1287 3244 quam
1308 3173 1353 3222 ex

155 3283 326 3376 partibus
348 3288 499 3356 centum
518 3288 644 3375 partes
665 3282 794 3356 decem
816 3282 949 3355 cineris
968 3281 1165 3372 relinquat.

262 3409 389 3483 Pulvis
418 3411 621 3500 luteseens,
640 3409 777 3501 frigore
797 3430 843 3481 ex
861 3409 940 3482 Asa
958 3407 1100 3480 foetida
1119 3408 1296 3480 obtentus
1317 3411 1354 3479 et

155 3538 202 3609 ab
222 3537 400 3610 immixtis
422 3536 633 3630 quisquiliis
650 3557 721 3630 ope
742 3535 851 3609 cribri
871 3535 1011 3609 setacei
1026 3535 1074 3608 ad
1089 3535 1162 3608 hoc
1178 3533 1354 3608 destinati

154 3669 345 3756 purgatus
366 3669 534 3738 servetur
552 3665 636 3737 loco
656 3664 755 3736 sicco
777 3667 813 3736 et
833 3666 893 3735 sat
911 3662 1053 3753 frigido.

231 4117 722 4256 Aeroprmrm
757 4089 1289 4253 culpantem.

263 4336 391 4410 Pulvis
408 4339 656 4431 crystallinus,
678 4337 797 4426 albus
815 4337 922 4409 lacile
937 4337 974 4407 in
990 4357 1100 4427 aqua,
1122 4333 1254 4426 spiritu
1268 4332 1354 4420 vini,

155 4463 309 4535 omnino
329 4466 463 4538 nonin
484 4465 634 4538 aethere
655 4469 692 4536 et
712 4463 979 4536 chlorolormio
1000 4461 1179 4535 solubilis

264 4590 407 4664 Solutio
424 4613 573 4684 aquosa
588 4596 645 4664 est
660 4590 859 4664 reactionis
874 4590 1055 4680 neutrius,
1076 4587 1209 4662 millies
1231 4586 1354 4659 adhuc

154 4717 271 4789 diluta
290 4720 438 4811 saporis
473 4719 602 4808 amari,
624 4739 808 4790 nauseam
833 4718 1028 4805 moventis
1057 4716 1238 4811 pupillam
1267 4714 1354 4785 dila-
