3576 5454
634 574 877 647 -all-

501 785 676 930 Pulpo
700 788 1017 898 Prunornm.

157 1013 254 1105 Rpe:
285 1008 476 1086 Fructum
497 1007 696 1088 Procerum
718 1011 935 1089 siccatorum
955 1016 994 1088 et
1012 1011 1238 1090 concisorum
1265 1039 1297 1110 q.
1320 1040 1350 1086 v.

158 1161 276 1232 coque
297 1161 382 1214 cum

293 1265 413 1364 tque
433 1264 643 1342 «instillatus
698 1291 724 1338 s.
747 1291 778 1364 q.

157 1395 332 1468 continue
354 1394 540 1485 agitando
562 1415 683 1486 usquc
705 1395 753 1466 ad
774 1396 998 1468 emollitiem.

264 1523 409 1596 Pultem
428 1543 495 1614 per
514 1521 676 1594 cribrum
705 1527 895 1597 setaceum
920 1523 1189 1616 transmissum
1218 1524 1353 1596 balneo

157 1673 277 1744 aquae
331 1671 493 1742 evapora
541 1649 588 1721 ad
637 1649 791 1723 extracti
829 1651 1020 1743 spissioris
1059 1651 1353 1740 consistentiam,

155 1778 289 1853 deinde

292 1902 429 2006 Pnlpaa
486 1905 592 1976 ternis
606 1905 773 2000 partibus

156 2035 254 2107 adde

294 2155 463 2238 oanan
484 2155 666 2258 patrarat-l
717 2165 858 2254 partem
879 2183 986 2231 urtam

156 2295 193 2362 et
225 2289 360 2361 balneo
400 2308 520 2379 aquae
558 2286 724 2377 inspissa
761 2289 809 2359 ad
847 2287 1049 2379 legitimam
1085 2287 1220 2380 pulpae
1265 2309 1353 2360 con-

155 2416 375 2489 sistentiam.

263 2541 504 2614 Electuariom
523 2543 713 2614 tenitioum.

277 2863 451 3006 Pulpa
476 2864 928 2973 'lomarindorum
954 2864 1245 3009 depurata.

156 3088 254 3180 Rpe:
290 3085 439 3163 Fructus
458 3087 659 3164 'samaritidi
714 3095 953 3186 praemiacum
972 3089 1041 3161 duo
1064 3089 1178 3160 millio
1250 3089 1354 3162 0000

155 3216 308 3289 infunde
328 3237 412 3289 cum

292 3341 413 3444 tque
433 3341 641 3422 destinatae
664 3342 827 3422 torridae

636 3479 872 3572 pranonatom
893 3472 1027 3545 duobus
1047 3473 1200 3545 millibus
1249 3475 1354 3548 0000

156 3621 300 3693 sepone
322 3604 358 3672 et
377 3601 529 3693 saepius
550 3601 791 3693 agitansque
818 3602 866 3673 ad
887 3601 1165 3674 emollitionem.
1195 3602 1355 3695 Pulpam

155 3750 222 3820 per
241 3728 403 3801 cribrum
424 3735 615 3802 setaceum
645 3729 910 3802 transmissam
933 3729 972 3801 in
999 3750 1091 3801 vase
1117 3730 1354 3822 porcellaneo

157 3878 320 3949 evapora
342 3855 379 3928 in
395 3856 528 3928 balneo
550 3878 669 3949 aquae
691 3857 739 3928 ad
759 3857 913 3930 extracti
928 3857 1041 3950 spissi
1062 3857 1354 3948 consistentiam,

156 3983 289 4056 deinde

291 4108 425 4210 Pulpae
483 4111 589 4184 ternis
603 4109 770 4207 portibus

157 4241 323 4313 admisce

293 4364 464 4444 saccinti
483 4365 665 4468 pullenti
715 4373 856 4464 partem
876 4391 983 4438 unam

156 4500 193 4568 et
232 4495 497 4588 evaporatione
535 4495 697 4588 inspissa
740 4495 788 4566 ad
835 4494 1038 4585 legitimam
1080 4492 1217 4586 pulpae
1265 4515 1351 4568 con·

155 4623 379 4696 sistentiam.

265 4749 503 4825 Electuarium
525 4750 714 4824 tenitimm.

1084 4888 1133 4944 14*
