3576 5454
744 965 1059 1049 Gummi-rosina
1081 971 1255 1075 Myrrha.

515 1122 762 1220 Commlplrora
781 1127 932 1222 Marullo
971 1129 1036 1202 En
1044 1131 1160 1220 gler,
1199 1130 1311 1202 arbor
1339 1131 1378 1202 in
1410 1131 1597 1203 montibus

401 1253 565 1344 regionis
613 1255 859 1328 Somaliensis
895 1262 932 1329 et
983 1257 1143 1330 Arabiae
1188 1259 1365 1331 australis
1412 1257 1596 1350 indigena.

399 1381 643 1454 Burscraceoe.

509 1508 658 1582 Massao
698 1510 922 1602 irregulares
953 1510 1145 1606 gibbosas,
1174 1513 1385 1602 tuberosae,
1414 1512 1596 1586 interdum

402 1637 702 1726 subracemosae,
715 1659 836 1731 usque
849 1639 895 1710 ad
907 1639 1202 1731 magnitudinem
1217 1640 1343 1733 pugni,
1354 1639 1394 1712 in
1405 1639 1596 1733 superficie

401 1763 591 1857 inaequali
644 1786 781 1858 aspera
826 1766 1117 1859 pulverulentae,
1172 1767 1307 1841 coloris
1354 1769 1490 1858 griseo·
1541 1769 1596 1840 vel

402 1890 834 1982 ochroleuco-sublusci‚
879 1899 1058 1987 purgatae
1101 1894 1274 1967 detlando
1313 1899 1378 1967 aut
1415 1895 1596 1967 abluendo

404 2042 522 2113 aeque
543 2021 644 2093 acin
665 2023 827 2093 tractura
847 2022 1032 2095 conchata
1058 2022 1245 2116 pinguiter
1264 2022 1436 2110 nitentes,
1467 2023 1596 2096 coloris

403 2147 623 2240 plerumque
659 2149 867 2241 aequabilis
902 2149 1213 2238 subrubro-susci,
1236 2148 1424 2222 interdurn
1459 2148 1595 2222 albido·

401 2276 610 2347 maculatae
650 2282 715 2348 aut
752 2276 858 2348 venis
903 2276 1038 2349 albidis
1076 2277 1263 2368 trajectae,
1301 2276 1340 2347 in
1386 2277 1576 2369 fragment

402 2401 575 2474 tenuibus
598 2403 806 2496 pellucidae
827 2408 891 2477 aut
913 2404 1206 2497 subpellucidae,
1235 2404 1471 2492 subtenaces,
1499 2403 1596 2477 haud

402 2529 510 2602 facile
538 2530 805 2622 pulverandae‚
843 2531 1037 2623 pulverem
1075 2533 1171 2606 laete
1200 2531 1457 2605 aurantiacum
1495 2552 1596 2623 prae-

400 2655 544 2730 bentes

509 2783 577 2857 Est
623 2785 775 2876 Myrrha
827 2785 954 2859 odoris
1001 2786 1202 2880 peculiaris
1250 2785 1396 2877 suavis,
1453 2785 1595 2876 saporis

402 2911 614 3010 aromatici,
660 2913 846 3001 subacris,
894 2913 1152 3000 amariusculi;
1202 2913 1311 2986 acido
1356 2912 1488 2985 nitrico
1535 2918 1596 2985 aut

402 3037 689 3130 hydroclrlorico
714 3040 941 3130 humectata,
966 3041 1087 3114 induit
1114 3040 1276 3113 colorem
1307 3039 1456 3112 sordide
1484 3038 1595 3120 viola·

398 3187 517 3240 ccum.

510 3289 685 3366 Tinctum.
705 3293 827 3367 Massa
842 3295 1040 3390 pilularum
1060 3293 1173 3391 Ruffi.

772 3613 1217 3756 Naphthalinum.

505 3838 676 3930 Crystalli
705 3838 942 3932 prismaticae
968 3839 1024 3911 vel
1054 3837 1276 3926 lamellareS,
1308 3837 1425 3926 albae,
1445 3836 1593 3924 nitidae,

394 3966 520 4039 odoris
531 3967 751 4058 plerumque
765 3965 908 4056 ingrati,
918 3965 1158 4059 penetrantis,
1170 3965 1240 4038 sub
1255 3969 1508 4057 temperatura
1520 3963 1590 4035 79⁰

396 4093 657 4186 liquescentes,
678 4115 762 4166 curn
782 4094 985 4187 vaporibus
1005 4115 1126 4186 aquae
1146 4098 1319 4186 prompte
1335 4091 1592 4183 auffugientes.

396 4220 596 4294 Solvuntur
615 4220 654 4293 in
673 4221 844 4314 partibus
866 4221 1010 4294 circiter
1032 4221 1083 4293 020
1104 4220 1257 4314 spiritus
1277 4221 1353 4294 vini
1369 4218 1594 4291 concontrati

392 4349 523 4441 frigidi,
539 4350 575 4421 in
597 4349 699 4421 omni
713 4349 788 4423 fere
806 4348 1012 4441 quantitate
1029 4348 1170 4434 fervidi,
1191 4369 1262 4420 nec
1280 4369 1356 4420 non
1376 4347 1416 4420 in
1432 4347 1592 4434 aethere,

390 4476 558 4564 benzolo,
579 4476 673 4548 olcis
693 4475 896 4569 pinguibus
919 4483 956 4550 et
976 4477 1169 4550 aethereis.

498 4603 700 4677 Incensum
711 4605 900 4695 deflagrat,
912 4603 1393 4695 fumumdensumnigrum
1404 4601 1592 4688 evolvens,

389 4730 540 4804 residuo
560 4753 636 4804 non
658 4731 797 4804 relicto.
