3502 5454
657 564 872 636 ...021-

166 784 225 855 vel
244 784 506 872 tumescentis,
537 783 676 876 opacis,
698 789 762 854 aut
795 783 910 874 paulo
940 781 1125 874 pinguiter
1150 780 1364 868 nitentibus,

166 911 382 984 infractura
403 911 589 984 conchata
610 911 738 982 lacteis
760 916 825 982 aut
848 908 1365 997 subriniacea-albicantibus,

167 1040 305 1132 opalini
346 1040 564 1133 adspectuS,
606 1039 645 1110 in
678 1039 898 1130 fragmentis
937 1036 1113 1108 tenuibus
1156 1035 1364 1128 diaphania
1509 1103 1512 1108 .

166 1166 405 1255 duriusculis‚
439 1167 506 1238 sed
540 1187 678 1239 manus
707 1166 829 1238 calore
863 1162 1180 1250 mollescentibuS‚
1220 1163 1366 1255 saporis

168 1295 296 1382 amari,
318 1294 414 1366 acris
431 1300 468 1366 et
482 1293 669 1382 nauseosi,
691 1293 818 1365 odoris
839 1291 1036 1386 peculiaris
1056 1289 1159 1362 haud
1179 1291 1283 1381 grati.

274 1455 562 1528 ammoniacum
578 1476 663 1528 cum
682 1477 783 1548 aqua
798 1454 1047 1526 emulsiouem
1064 1454 1189 1526 albam
1202 1455 1365 1546 praebet,

34 1577 43 1590 '
168 1605 264 1675 quae
290 1583 417 1655 addito
443 1583 586 1676 liquore
608 1583 715 1655 natrii
735 1582 898 1674 caustici,
920 1582 1084 1654 colorem
1106 1582 1262 1670 flavum,
1287 1578 1366 1652 tum

167 1713 316 1783 fuscum
335 1711 459 1783 trahit.
481 1693 672 1783 Solutiune
694 1709 799 1782 calcii
818 1709 1087 1802 hypochlorosi
1108 1710 1366 1780 humectatum

168 1838 330 1910 colorem
346 1838 605 1910 aurantiacum
621 1837 762 1930 accipit.
775 1837 885 1929 Aqua
894 1836 1140 1909 Ammoniace
1156 1817 1366 1928 superfusa,

167 1967 293 2038 addita
312 1971 416 2058 gutta
436 1966 648 2038 ammoniae
668 1987 746 2038 non
766 1965 964 2038 fluorescit.

278 2129 336 2202 Ad
370 2151 482 2202 usum
516 2130 860 2223 pharmaceuticum
893 2130 963 2201 sub
997 2131 1220 2221 tempestate
1249 2127 1369 2218 gelida

169 2258 443 2352 pulverandum
469 2264 506 2331 et
526 2280 595 2352 ope
616 2259 724 2331 cribri
750 2281 772 2330 a
793 2257 1003 2351 quisquiliis
1024 2256 1278 2348 separandum
1300 2259 1367 2326 est.

279 2420 522 2516 Eruplastrum
542 2420 737 2517 Diachplon
757 2421 993 2514 eotrzpositnm.
1014 2417 1257 2512 Euquustrum
1271 2415 1369 2488 Mett-

169 2549 240 2620 tou.
261 2549 501 2644 Etnplustrum
517 2567 746 2645 ecycrcettun.

323 2980 654 3088 immanium
680 2979 944 3086 aceticum
970 2975 1219 3084 salutum.

484 3207 636 3310 Liquor
658 3207 866 3286 Ammonii
890 3207 1046 3285 acetici.

169 3441 266 3533 Rpe:
297 3438 396 3516 beidi
417 3438 545 3516 boetici
566 3435 676 3515 diluti
817 3493 827 3510 .
871 3442 1068 3535 praetentata
1087 3441 1229 3507 centum.
1291 3435 1366 3505 100

167 3568 353 3640 Paulatim
374 3567 471 3640 adde

305 3693 476 3770 turnonii
498 3691 681 3771 sarbonici
703 3690 845 3768 militer
864 3691 935 3767 tuni
1049 3715 1081 3786 q.
1106 3716 1133 3762 s.

169 3823 217 3894 ad
237 3823 442 3915 perfectam
462 3822 808 3896 neutralisationem

485 3951 577 4042 (circ.
598 3954 794 4046 pruriant-utu
814 3948 940 4042 vipint‘
959 3953 987 4017 et
1006 3945 1205 4017 diuu'dt'um.
1261 3943 1365 4031 205)

168 4078 320 4170 Liquori
335 4078 472 4150 tiltrata
493 4077 658 4150 admisce
1308 4085 1310 4089 ’

304 4207 423 4306 Aquae
443 4191 653 4281 destinatae
1049 4224 1079 4294 q.
1096 4223 1122 4270 s.

168 4339 210 4407 ut
228 4334 365 4406 solutio
386 4333 435 4406 sit
453 4333 631 4425 ponderis
652 4331 813 4424 specifici
837 4329 936 4401 1·03.

279 4480 333 4551 Sit
350 4478 554 4570 limpidum,
584 4477 720 4549 coloris
748 4496 893 4566 expers,
919 4496 965 4545 ex
985 4473 1127 4563 integro
1149 4471 1298 4542 volatile
1320 4482 1366 4558 et,

169 4612 353 4699 quantum
373 4606 529 4678 obtineri
548 4609 682 4699 potest,
699 4609 890 4707 'neutrum
930 4601 1039 4693 Aqua
1054 4599 1366 4690 hydrosulturata

169 4739 353 4807 tentatum
372 4755 419 4805 ne
439 4734 619 4805 turbetur.
