3502 5454
631 588 839 661 ..57-

390 801 674 912 Chiuinum
700 800 1091 919 bisulfurionm.

397 1012 608 1094 Chininum
634 1014 868 1093 sulfurioum
888 1019 1086 1094 neutrum.

249 1187 425 1283 Crystalli
445 1193 693 1286 prismaticae‚
719 1193 836 1281 albae,
865 1193 1014 1280 nitidae,
1043 1191 1188 1283 saporis
1209 1193 1337 1281 amari,

138 1319 177 1389 in
192 1321 277 1392 aiire
293 1320 489 1412 paululum
503 1320 730 1410 fatiscentes
746 1342 846 1413 aqua
861 1321 1048 1393 destillata
1061 1319 1206 1391 facilius
1223 1341 1337 1412 quam

138 1446 177 1518 in
194 1446 326 1539 spiritu
345 1447 421 1519 vini
437 1448 627 1521 solubiles.
649 1447 793 1521 Solutio
810 1469 965 1541 aquosa,
981 1445 1180 1520 reaetionis
1197 1447 1337 1537 acidae,

139 1574 262 1646 colore
283 1575 453 1646 caeruleo
474 1575 673 1650 fluoreseit.

250 1701 392 1774 Solutio
419 1724 565 1795 aquosa
584 1703 710 1792 diluta,
731 1725 831 1797 aqua
850 1703 967 1776 chlori
987 1708 1023 1776 et
1038 1701 1129 1774 dein
1150 1703 1340 1776 ammonia

141 1829 269 1902 addita
289 1830 454 1903 colorem
473 1830 627 1904 viridem
647 1830 776 1918 induit,
805 1831 921 1922 baryo
939 1830 1069 1903 uitrico
1090 1831 1214 1904 soluto
1234 1852 1338 1923 prae-

140 1955 332 2048 cipitatum
353 1959 491 2047 album,
525 1957 565 2029 in
599 1958 713 2029 acidis
747 1958 945 2030 insolubile
979 1957 1149 2050 deponit;
1184 1963 1337 2050 argento

139 2083 269 2157 nitrioo
289 2106 336 2156 ne
357 2085 534 2158 turbetur.

250 2211 451 2286 Chininum
483 2211 743 2285 bisulfuricum
777 2212 883 2285 acido
922 2213 1101 2286 sulfurioo
1134 2214 1194 2285 vel
1233 2213 1338 2285 auido

141 2338 272 2411 uitrico
293 2345 532 2414 concontrato
553 2338 811 2414 humectatum
829 2361 877 2412 ne
899 2342 1093 2415 coloretur.

251 2467 396 2556 Quodsi
412 2467 666 2559 deeigramma
684 2489 799 2541 uuam
815 2470 963 2560 (0100)
985 2467 1076 2541 salis
1096 2467 1136 2540 in
1155 2467 1337 2560 quinqua-

141 2593 244 2684 ginta
255 2595 480 2668 centimetris
494 2595 632 2667 cubicis
644 2597 710 2688 (50
722 2595 796 2688 CC)
814 2617 934 2688 aquae
951 2596 1158 2669 destillatae
1174 2594 1339 2682 solvitur,

142 2721 306 2814 quinque
336 2722 554 2796 centimetra
583 2723 712 2796 cubica
742 2722 868 2816 (5CC)
903 2722 1017 2815 hujus
1056 2721 1253 2796 solutionis
1291 2721 1340 2794 ad

142 2869 335 2922 summum
371 2851 563 2944 requirant
596 2849 812 2923 centimetra
849 2851 981 2923 cubica
1010 2856 1170 2943 quatuor
1207 2851 1248 2941 (4
1267 2847 1341 2940 CC)

144 2977 372 3072 ammoniae,
410 2983 453 3052 ut
490 2978 741 3052 sedimentum
777 2977 897 3071 primo
937 2981 1090 3050 enatum
1127 2998 1257 3050 rursus
1297 2998 1343 3049 ex

143 3103 285 3196 integro
306 3106 486 3180 solvatur.

254 3233 429 3307 Servetur
447 3255 538 3306 vase
560 3255 582 3305 a
602 3234 684 3305 luoe
704 3239 901 3308 remotum.

374 3554 658 3663 Chininum
678 3557 1111 3673 torro-oltrioum.

145 3759 246 3852 Rpe:
282 3755 380 3836 lull
401 3759 519 3835 uitrici
690 3767 890 3858 qrammuto
908 3763 1086 3858 saroqinto
1291 3761 1343 3833 60

146 3888 251 3960 solve
271 3887 309 3960 in

283 4013 405 4116 liqna
424 4013 632 4093 destillalao
691 4023 925 4114 mummolum
945 4017 1095 4112 quinque
1112 4016 1188 4088 mil-

745 4143 837 4216 libus
1238 4145 1343 4217 5000

147 4251 244 4324 adde

283 4375 382 4454 Ferri
402 4375 583 4478 pullenti
691 4387 889 4476 yrornmulo
911 4380 1069 4476 triyinlo.
1293 4382 1344 4454 30

255 4507 460 4580 Miscellam
480 4508 602 4599 digere
624 4508 775 4600 saepius
799 4507 976 4599 agitando
996 4507 1034 4580 in
1054 4509 1191 4581 balneo
1212 4530 1344 4600 aquae,

148 4635 266 4707 donee
291 4634 428 4707 reaotio
454 4640 587 4708 cessat.
619 4635 818 4727 Liquidum
849 4633 972 4708 adhue
998 4635 1160 4708 calidum
1186 4637 1284 4708 filtra
1310 4641 1345 4709 et

148 4763 193 4832 od
230 4763 509 4835 consistentiam
543 4761 670 4854 syrupi
699 4761 880 4834 tenuioris
909 4785 1080 4856 evapora.
1115 4763 1344 4856 Refrigerato
