3574 5454
886 540 1123 611 -us-

403 753 551 845 longius
568 754 796 842 rostellatas,
826 757 908 829 basi
928 756 1181 849 pellicellatas,
1201 756 1408 850 pericarpio
1428 762 1536 831 extus
1557 779 1600 830 ex

403 882 526 974 griseo
546 885 663 956 fusco.

512 1014 693 1085 Ducoetum
728 1010 993 1107 Sorsaparittue
1025 1012 1243 1107 conpositum
1277 1012 1408 1084 nultius.
1446 1007 1605 1107 Spiritus

401 1141 622 1212 aromaticus.
648 1139 816 1212 Tinctum
837 1139 923 1212 uui
946 1140 1071 1212 niuosa
1091 1139 1244 1212 Darutti.

785 1387 1012 1496 lluuotus
1041 1386 1217 1496 (torvi.

517 1573 649 1646 Carum
677 1573 784 1646 Corui
806 1575 858 1662 L.,
887 1575 1018 1667 planta
1046 1575 1192 1649 biennis
1221 1574 1406 1666 indigena,
1427 1575 1465 1647 in
1485 1575 1601 1668 pratis

402 1703 580 1794 frequens
601 1708 639 1775 et
656 1701 767 1775 culta.
796 1701 1040 1797 Umbetliferae.

512 1829 774 1921 Schizocarpia
805 1831 915 1922 plane
936 1836 1084 1904 matura
1109 1831 1256 1920 siccata,
1278 1829 1412 1921 ovalia,
1443 1829 1599 1902 alatere

402 1957 511 2030 valde
531 1978 760 2050 compressa,
788 1963 948 2050 quatuor
977 1957 1025 2029 ad
1055 1959 1221 2051 quinque
1241 1957 1455 2030 millimetra
1474 1958 1597 2048 longa,

402 2083 533 2168 laevia,
553 2083 693 2175 glabra,
715 2085 935 2176 plerumque
964 2086 1148 2178 separatis
1168 2084 1396 2176 menearpiis
1417 2085 1597 2174 angustis,

403 2211 576 2304 utrinque
597 2211 808 2300 attenuatis
840 2213 1011 2302 arcuatis
1040 2213 1154 2286 costis
1182 2211 1403 2305 aequalibus
1423 2211 1598 2283 filifonui·

404 2339 486 2426 bus,
523 2338 658 2410 albidis
680 2344 717 2411 et
735 2340 926 2412 valleoulis
947 2341 1044 2428 latis,
1073 2340 1199 2428 luscis,
1228 2337 1442 2426 univittatis,
1473 2337 1600 2410 odon's

403 2465 600 2557 peculiaris
621 2467 824 2555 aromatici,
844 2467 990 2560 saporis
1011 2465 1406 2540 acri-condimentarii.

513 2592 567 2665 Sit
587 2599 769 2685 quantum
789 2595 865 2667 fieri
882 2602 1007 2687 potest
1017 2595 1203 2688 stipitibus
1215 2595 1371 2687 aliisque
1392 2592 1598 2686 quisquiliis

407 2720 509 2793 liber.

518 2843 685 2942 Spiritus.
708 2849 815 2946 Aqua
833 2852 1078 2923 earuituatiuu.

624 3136 848 3245 Fructus
878 3135 1097 3246 (tussiae
1126 3136 1381 3245 lllstulae.

518 3323 647 3395 Cassia
667 3323 805 3396 Fistula
826 3323 963 3413 Linn.‚
984 3325 1094 3398 arbor
1113 3325 1151 3398 in
1181 3324 1287 3397 ludia
1315 3323 1486 3398 orientali
1506 3323 1597 3396 iudi-

404 3469 511 3540 gena,
532 3449 570 3522 in
585 3450 799 3543 regionibus
821 3452 949 3525 calidis
968 3452 1147 3545 plantata.
1168 3449 1431 3547 Lqumtnosae.
1459 3451 1599 3524 Caesul-

399 3577 578 3672 pinaceue.

511 3703 717 3796 Legumina
736 3707 936 3798 cylindrica
955 3706 1236 3798 indehiscentia,
1256 3707 1327 3780 tria
1347 3703 1394 3778 ad
1416 3729 1482 3779 sex
1503 3703 1599 3779 deei-

345 3817 346 3821 '
405 3835 523 3904 metra
537 3832 660 3924 longa,
675 3854 792 3906 unu1n
808 3838 844 3907 et
858 3833 1049 3906 dimidium
1063 3856 1184 3926 usque
1201 3834 1249 3907 ad
1266 3833 1340 3906 duo
1357 3839 1392 3906 et
1408 3833 1600 3905 dimidium

403 3958 1600 4054 centimetracrassa,pericarpiolignoso,extusfusco-nigricanti,

404 4085 531 4174 nitide,
547 4086 654 4177 laevi,
670 4087 770 4161 intus
787 4089 903 4182 septis
919 4090 1143 4162 transversis
1159 4088 1430 4161 orbicularibus
1444 4085 1601 4179 lignosis

404 4213 442 4286 in
466 4213 610 4286 loculos
634 4214 816 4307 plurimos
841 4237 1139 4308 monospernlos,
1161 4216 1315 4309 pulpam
1338 4220 1469 4303 utram,
1496 4219 1599 4286 lena·

404 4363 496 4428 cem,
517 4340 664 4434 saporis
684 4341 802 4414 duleis
823 4343 1067 4430 continentes,
1088 4343 1219 4416 divisa.

513 4467 741 4559 Rejiciantur
759 4469 948 4560 legumina
962 4471 1078 4563 pulpa
1094 4471 1254 4561 mucida,
1274 4471 1427 4544 insectis
1448 4491 1603 4543 corrosa

402 4600 467 4668 eut
487 4597 599 4669 nimis
619 4597 815 4669 exsiecato.

429 4729 431 4734 '
513 4723 643 4819 Putpu.
