3502 5454
675 574 861 650 ..μ

277 796 320 871 In
347 820 447 890 aqua
473 798 645 870 facillime
665 798 875 886 solvuntur,
902 798 1093 870 aetherem
1112 796 1170 870 vel
1197 796 1369 891 spiritum

169 925 244 997 vini
265 927 548 997 concontratum
569 925 803 997 comburunt.

277 1052 319 1125 ln
339 1072 430 1124 vase
450 1052 658 1144 epistomeo
679 1050 794 1124 vitreo
817 1051 946 1124 clauso
966 1057 1174 1124 serventur.

523 1335 744 1446 Aridum
770 1338 1052 1445 altricum·

278 1561 451 1654 Crystalli
483 1561 730 1654 prismaticae,
764 1561 971 1652 decolorem
1004 1563 1044 1634 in
1073 1569 1160 1634 aere
1190 1561 1364 1634 immuta-

168 1690 271 1778 biles,
293 1689 364 1760 sub
392 1688 466 1760 leni
486 1693 741 1781 temperatura
773 1690 961 1779 fatiscunt,
992 1690 1121 1762 altiore
1155 1689 1369 1783 liquescunt

170 1821 205 1889 et
233 1815 565 1907 decomponuntur.
596 1816 802 1888 Solvuntur
822 1816 994 1890 facillime
1016 1817 1055 1890 in
1077 1839 1187 1909 aqua,
1208 1817 1318 1891 facile
1329 1818 1369 1890 in

169 1942 304 2036 spiritu
319 1942 405 2031 vini,
427 1943 611 2016 difficilius
630 1945 669 2016 in
690 1945 850 2017 aethere.

278 2071 421 2144 Solutio
437 2092 594 2164 aquosa,
616 2094 717 2166 aqua
732 2073 844 2145 calcis
860 2072 1008 2144 abunde
1019 2077 1201 2161 saturata,
1213 2072 1368 2166 limpida

168 2203 374 2292 permanet,
395 2197 532 2290 quodsi
557 2206 684 2273 autem
700 2200 926 2273 solutionem
946 2199 994 2272 ad
1011 2200 1251 2273 ebulitionem
1270 2201 1366 2272 cale·

169 2327 308 2413 focaria,
318 2326 441 2418 liquor
456 2326 627 2399 turbatur
638 2327 932 2400 etsedimentum
944 2327 1070 2404 album
1081 2327 1250 2417 demittit,
1267 2327 1367 2420 quod

168 2475 258 2526 vase
278 2453 374 2526 bene
389 2457 486 2525 tecto
508 2454 579 2525 sub
599 2454 877 2546 refrigeratione
891 2474 1049 2546 prorsus
1064 2475 1184 2547 paene
1200 2455 1367 2529 solvitur.

278 2579 422 2653 Solutio
443 2601 601 2674 aquosa,
627 2581 744 2672 baryo
771 2581 903 2654 uitrico
923 2586 989 2654 aut
1010 2583 1200 2654 ammonio
1221 2582 1368 2655 oxalico

168 2708 323 2799 adjecto,
347 2708 502 2801 limpida
521 2714 683 2797 maneat,
704 2710 763 2781 vel
782 2713 871 2803 post
889 2709 1038 2800 longius
1058 2710 1239 2801 temporis
1257 2711 1367 2783 inter-

170 2836 308 2909 vallum
352 2835 484 2908 leviter
517 2836 670 2908 nonnisi
704 2837 889 2923 turbetur;
926 2857 1027 2930 aqua
1050 2836 1369 2930 hydrosulfurata,

172 2963 231 3035 vel
253 2962 499 3056 superaddita
518 2963 718 3052 ammonia,
738 2985 786 3036 ne
806 2968 980 3036 mutetur.

281 3089 451 3182 Crystalli
477 3091 584 3162 Acidi
618 3092 743 3180 citrini,
774 3112 860 3164 cum
890 3093 1041 3186 octupla
1060 3113 1182 3185 usque
1213 3094 1369 3186 decupla

172 3217 380 3309 quantitate
408 3217 503 3290 acidi
529 3218 696 3294 sulfurici
723 3220 953 3293 concontrati
972 3220 1110 3292 mixtae
1137 3221 1243 3292 etad
1266 3221 1365 3293 100ο

171 3343 386 3433 calefactae,
407 3345 445 3419 in
474 3346 657 3438 liquorem
685 3348 881 3441 limpidum
909 3349 1053 3421 luteum
1072 3349 1276 3437 solvantur,
1307 3351 1370 3442 qui

173 3471 296 3544 calore
313 3473 426 3546 etiam
441 3479 629 3568 protracto
646 3497 715 3549 uec
730 3498 775 3550 ex
789 3478 904 3550 rubro
920 3477 1069 3550 fuscum
1084 3495 1207 3570 neque
1223 3477 1369 3548 fuscum

172 3599 337 3700 colorem
353 3599 497 3675 induat.

278 3727 320 3800 ln
357 3729 498 3802 lamina
534 3731 699 3824 platinea
733 3732 953 3804 calefactum
987 3730 1121 3803 cineris
1159 3730 1366 3804 sedimento

169 3856 375 3948 perexiguo
395 3857 522 3931 relicto
543 3859 653 3951 plane
675 3859 807 3932 avolet.

279 3982 379 4056 Potio
399 3983 574 4082 Mounesii
592 3986 703 4058 citriri
722 3983 948 4080 effervescens.

171 4268 392 4377 Aridum
434 4269 910 4411 hydrochloricum
947 4277 1368 4380 concontratum.

390 4463 568 4542 Aoidum
590 4464 847 4542 muriatioum
873 4467 1195 4542 concontratum.

283 4621 423 4714 Liquor
451 4622 641 4715 limpiduS,
673 4622 832 4711 decolor,
863 4623 991 4696 odoris
1027 4623 1121 4694 acidi
1155 4624 1370 4715 pungentis,

172 4748 375 4822 calefactus
394 4749 505 4842 plane
526 4749 692 4838 evolans,
713 4750 890 4842 ponderis
911 4749 1074 4843 specifici
1099 4751 1197 4822 tlt.
