3574 5454
681 565 920 637 -131-

306 781 493 874 Capsulae
517 781 769 855 uniloculeres
796 783 1016 855 immaturae
1042 783 1204 855 siccatae
1224 781 1395 872 lineares

198 909 506 1002 siliquaefonnes,
528 930 777 1002 compressae,
798 910 973 983 inferiore
992 915 1097 1003 parte
1119 915 1333 984 attenuatae
1362 915 1398 983 et

197 1038 326 1110 leviter
337 1043 524 1128 curvatae,
541 1038 615 1111 duo
632 1038 680 1110 ad
692 1038 767 1110 duo
780 1043 815 1111 et
826 1038 1020 1111 dimidium
1036 1038 1237 1111 decimetra
1250 1038 1397 1128 longae,

197 1169 281 1237 octo
302 1165 348 1235 ad
370 1165 498 1236 decem
517 1163 726 1236 millimetra
740 1165 848 1254 latae,
867 1165 1076 1257 pericarpio
1094 1185 1266 1254 carnoso,
1281 1165 1397 1254 fusco,

199 1297 305 1364 extus
319 1292 638 1382 longitudinaliter
651 1314 793 1384 rugoso
809 1297 844 1365 ct
859 1293 1014 1380 sulcat0,
1030 1293 1238 1384 unguinose
1248 1295 1397 1382 nitente,

199 1419 334 1491 coloris
360 1419 567 1507 atro-susci,
598 1420 750 1513 saepius
776 1421 961 1511 crystallis
988 1421 1083 1492 albis
1113 1420 1397 1512 splendentibus

198 1548 354 1633 obtecto,
375 1545 526 1633 flexiles
546 1551 707 1634 tenaces
727 1568 820 1619 cavo
839 1548 1003 1639 repletae
1023 1569 1156 1620 massa
1175 1549 1395 1640 granuloso-

198 1675 369 1768 pulposa,
385 1671 483 1762 atra,
506 1674 718 1766 subpingui,
752 1675 896 1747 semina
921 1675 1119 1747 innumera
1139 1675 1282 1766 exigua,
1308 1676 1394 1748 sub-

200 1803 365 1895 globosa,
383 1803 497 1895 nigra,
518 1803 676 1877 nitentia
694 1803 915 1893 includente,
945 1804 1072 1876 odoris
1098 1803 1297 1896 peculiaris
1322 1805 1394 1876 lra-

199 1929 437 2021 grantissimi,
457 1931 632 2022 pergrati.

308 2093 363 2164 Ne
392 2093 640 2166 adhibeantur
664 2093 807 2166 fructus
836 2095 962 2167 minus
989 2095 1180 2167 aromatici
1200 2095 1313 2167 nimio
1334 2117 1396 2168 ex-

200 2220 337 2308 siccati,
352 2219 472 2311 rigidi,
487 2220 645 2310 fragiles
662 2221 797 2293 coloris
814 2222 992 2310 clarioris
1007 2242 1076 2293 nec
1092 2223 1233 2294 fructus
1250 2225 1397 2313 maturi,

200 2349 432 2422 dehiscentia
464 2349 592 2440 aperti,
624 2371 693 2422 nec
725 2351 867 2423 tructus
901 2349 1076 2442 majores,
1098 2351 1215 2423 multo
1247 2351 1397 2424 latiores

200 2481 236 2548 et
258 2475 478 2568 plerumque
512 2475 703 2549 breviores
735 2477 894 2549 aliarum
928 2475 1088 2549 Vanillae
1106 2478 1325 2571 specierum,
1355 2484 1397 2551 ut

200 2603 252 2676 sic
274 2602 371 2676 dicta
390 2602 538 2676 Vanilla
557 2603 602 2676 de
623 2603 678 2676 La
697 2603 848 2696 Guayra
868 2610 903 2677 et
922 2605 1068 2678 Vanilla
1086 2607 1302 2680 Brasiliana.

313 2765 489 2838 Tinctum.
508 2765 618 2840 Poeta
637 2766 853 2863 Liquirttiae
868 2769 976 2864 flava.

537 3292 757 3436 llungus
782 3293 1071 3436 igniarius.

555 3538 719 3644 Fungus
743 3539 1040 3645 Chirurgorum.

311 3768 513 3866 Polyporns
521 3771 762 3863 serpentarius
776 3773 914 3865 FrieS,
934 3775 1074 3866 fungus
1085 3796 1151 3866 per
1163 3795 1314 3846 omnem
1324 3773 1399 3846 lere

202 3897 391 3990 Europam
415 3899 579 3972 mediam
604 3900 641 3971 in
666 3903 807 3974 truncis
836 3903 1001 3990 annosis
1030 3903 1209 3995 imprimis
1229 3902 1400 3993 fagorum

203 4029 239 4097 et
259 4046 466 4116 quercuum
484 4046 658 4098 nascens
679 4025 991 4124 Hpmcnompcetcs.
1013 4028 1208 4124 Polyporei.

311 4187 448 4261 Frusta
480 4191 693 4263 mercabilia
727 4192 850 4284 plana,
885 4197 986 4265 tactu
1020 4193 1227 4284 aequaliter
1264 4192 1400 4280 mollia,

203 4315 396 4404 flexibilia,
435 4317 569 4390 coloris
607 4319 871 4408 cinnamomei,
910 4342 929 4393 e
967 4320 1064 4413 pileo
1102 4319 1203 4410 fungi
1242 4320 1400 4408 excissa,

202 4443 453 4516 maceratione
474 4444 511 4516 in
531 4466 631 4538 aqua
651 4450 687 4518 et
705 4447 854 4519 tusione
875 4467 960 4519 cum
978 4447 1123 4520 malleis
1143 4446 1275 4536 ligneis
1294 4466 1401 4537 prae·

201 4576 344 4664 parata,
363 4570 402 4643 in
421 4573 555 4665 vulgus
575 4575 785 4648 notissima.

313 4743 484 4813 Amerce
504 4740 602 4812 kalio
621 4739 754 4812 nitrico
774 4739 1020 4832 inpraegnata
1040 4759 1141 4810 cave.

1147 4875 1179 4929 9*
