3576 5454
917 549 1156 628 -ell-

574 761 725 848 Fructus
745 763 928 849 Foenlculi

575 894 735 974 Sullanis
757 897 925 1001 deputati

997 1027 1044 1102 d'o
1062 1038 1264 1128 praemiata
1284 1031 1445 1129 quinque.
1610 1037 1633 1107 5

549 1155 741 1229 Subtiliter
772 1157 970 1248 pulverata
997 1159 1126 1232 intime
1154 1161 1268 1232 misce
1305 1165 1341 1232 et
1368 1181 1436 1251 per
1474 1161 1635 1234 cribrum

438 1287 632 1356 setaceunr
652 1282 789 1376 trajice.

701 1554 993 1666 Radia>
1031 1511 1370 1670 Acomtli.

861 1765 1019 1842 'tubera
1038 1765 1216 1844 neonae.

546 1939 731 2011 Aeantium
770 1940 938 2035 Napcllos
980 1941 1113 2014 Linn.
1167 1943 1320 2036 ejusque
1359 1943 1558 2016 varietates
1595 1943 1634 2016 in

436 2067 577 2139 nostris
598 2067 744 2158 alpibus
765 2068 970 2160 indigenae.
991 2069 1287 2142 Borrancaloceoc.

547 2195 697 2268 Tubero
715 2195 948 2288 napiformia,
969 2197 1144 2269 radiculis
1164 2198 1338 2270 tenuibus
1358 2199 1571 2271 numerosis
1596 2199 1633 2270 in

438 2322 539 2394 omni
560 2322 703 2394 ambitu
724 2323 893 2412 obsessa,
914 2345 1073 2415 superne
1093 2325 1245 2398 residuo
1266 2326 1381 2399 caulis
1402 2332 1468 2399 aut
1486 2348 1633 2418 gemma

398 2513 399 2516 ,
437 2450 643 2538 terminata,
670 2456 734 2523 aut
754 2451 929 2538 solitaria,
956 2458 1021 2524 aut
1045 2452 1132 2525 bina
1157 2454 1309 2545 imparis
1338 2455 1470 2526 aetatis
1500 2454 1631 2526 cohae-

436 2579 565 2667 rentia,
609 2578 772 2651 recentia
809 2580 1041 2666 succulenta,
1077 2579 1215 2652 siccata
1253 2581 1362 2670 dura,
1410 2582 1632 2674 ponderosa,

428 2710 598 2798 ‘quatuor
628 2706 675 2777 ad
706 2711 791 2778 octo
821 2705 1036 2778 centimetra
1058 2706 1181 2799 longa,
1207 2729 1367 2801 superne
1393 2709 1468 2781 duo
1488 2710 1537 2782 ad
1565 2710 1632 2782 tria

439 2836 655 2906 centimetra
678 2855 816 2922 crassa,
831 2839 939 2906 crtus
957 2835 1115 2906 obscure
1135 2834 1250 2923 lusca,
1269 2857 1397 2927 opaca,
1416 2836 1632 2928 plerumque

438 2961 752 3054 longitudinaliter
780 2981 919 3051 rugosa
954 2965 990 3034 et
1008 2960 1182 3066 radiculis
1203 2960 1393 3050 mundata,
1412 2962 1551 3055 ubique
1571 2963 1631 3034 mi-

438 3089 558 3162 nutim
578 3089 794 3176 cicatrisata,
814 3089 851 3158 in
866 3088 1027 3160 fractura
1042 3088 1187 3180 aequali
1204 3087 1334 3179 solida,
1356 3090 1552 3179 farinacea,
1573 3096 1634 3162 aut

439 3218 659 3305 Subuculae,
681 3216 766 3288 alba
785 3221 849 3287 aut
870 3215 1107 3305 griseo-alba.

547 3345 589 3416 In
629 3344 792 3416 sectione
830 3349 1046 3415 transversa
1085 3343 1306 3416 observatur
1353 3349 1481 3417 cortex
1527 3346 1631 3430 latus

440 3495 461 3544 a
481 3472 646 3544 medulla
666 3472 790 3564 ampla
805 3470 940 3542 circulo
961 3471 1223 3544 fasciculorum
1241 3470 1329 3562 ligni
1358 3471 1632 3562 angustissimo

439 3599 837 3691 stellatiminquinque
858 3598 905 3670 ad
927 3603 1070 3690 septem
1089 3598 1215 3672 radios
1234 3603 1417 3691 porrecto,
1429 3605 1631 3691 separatus

548 3726 651 3799 Odor
688 3727 848 3800 recentis
885 3725 1020 3798 radicis
1059 3730 1117 3797 est
1151 3727 1258 3814 acris,
1297 3725 1456 3819 raphani
1490 3725 1629 3814 similis

441 3855 600 3927 siccatae
639 3854 781 3941 nullus3
830 3853 1027 3925 masticata
1065 3852 1113 3924 ab
1151 3853 1255 3927 initio
1293 3854 1477 3945 exiguam,
1517 3855 1630 3927 serius

440 3981 658 4054 acerrimam
684 3980 746 4053 diu
775 3981 993 4053 haerentem
1012 3980 1184 4072 producit
1213 3982 1479 4071 sensationem,
1510 3983 1631 4056 relicta

437 4108 678 4181 anaestbesia
695 4108 856 4200 linguae.

546 4235 750 4309 Fodiautur
764 4236 895 4308 tubera
910 4234 1058 4327 plantae
1081 4241 1311 4328 spontaneae
1332 4237 1510 4326 florentia,
1531 4243 1630 4310 caule

437 4363 613 4435 siccanda
633 4369 670 4436 et
689 4363 885 4436 servanda.

544 4489 774 4582 Rejiciantur
827 4491 959 4563 tubera
1010 4490 1168 4563 aliarum
1215 4491 1362 4563 Aconiti
1415 4491 1629 4584 speciemm.

435 4619 616 4710 imprimis
636 4619 779 4690 Aconiti
798 4617 970 4714 adriopoli
996 4618 1156 4708 (Lina),
1176 4617 1361 4710 prioribus
1378 4619 1535 4691 minora.

544 4745 763 4819 distractum.
790 4746 970 4818 Tinctum.
