3574 5454
686 544 925 616 -179—

306 757 399 831 Pars
419 780 495 831 una
514 759 608 832 acidi
628 761 794 834 sulfurici
814 759 1045 834 concentrati
1061 781 1145 831 cum
1161 760 1399 851 supereffusa

198 891 302 979 parte
313 885 458 977 aequali
469 886 665 960 solutionis
676 888 795 961 mellis
807 908 986 980 aquosae,
998 908 1042 960 eo
1055 891 1187 976 strato,
1200 908 1274 978 quo
1287 888 1398 960 ambo

197 1013 363 1105 liquores
379 1033 418 1085 se
434 1017 607 1104 tangunt,
624 1015 787 1088 colorem
802 1016 951 1089 luscum
967 1019 1033 1087 aut
1047 1015 1195 1106 nigrum
1210 1035 1256 1086 ne
1273 1016 1399 1088 statim

198 1140 392 1232 producat.

307 1267 377 1339 Mel
396 1265 615 1364 depuratum.

559 1697 665 1806 Mel
692 1698 1037 1842 depuratum.

198 1923 298 2016 Rpe:
340 1921 569 2023 carragiu-
744 1931 945 2022 prammoto
965 1931 1118 2020 quotuor·
1375 1925 1399 1996 4

336 2049 457 2152 Aque
478 2050 686 2129 restitutae
742 2059 978 2150 praeornatum
997 2051 1067 2124 duo
1081 2051 1207 2124 millia.
1295 2053 1400 2126 0000

309 2179 458 2252 Caletac
477 2180 514 2252 in
536 2181 658 2254 lebete
677 2201 800 2272 usque
821 2181 871 2253 ad
890 2180 1155 2270 ebullitionem,
1177 2181 1274 2254 adde

336 2303 450 2382 ΙοΙΙΙε
741 2314 978 2405 prommotum
998 2307 1066 2380 duo
1086 2307 1213 2382 taillia.
1291 2308 1398 2382 0000

307 2434 525 2525 Coquantur
538 2435 613 2508 leni
628 2436 713 2528 igne
727 2457 795 2528 per
810 2437 1061 2528 quadrantem
1078 2436 1206 2525 horae,
1223 2458 1399 2529 spumam

196 2583 268 2653 ope
284 2561 490 2634 cochlearis
511 2563 781 2655 despumatorii
797 2564 1029 2656 separand0;
1050 2563 1175 2655 liquor
1190 2562 1315 2636 adhuc
1336 2585 1397 2634 ca-

195 2689 294 2761 lidus
312 2711 381 2781 per
399 2689 589 2763 manicam
608 2711 796 2783 panneam
817 2692 959 2764 coletur
979 2695 1016 2764 et
1042 2689 1090 2763 ad
1111 2688 1396 2764 consistentiam

199 2817 327 2908 syrupi
347 2816 540 2908 spissioris
561 2822 795 2910 evaporatur.

308 2944 424 3016 Serva
444 2944 483 3016 in
502 2944 585 3017 loco
601 2943 743 3035 frigide.

305 3069 542 3143 Electuurium
568 3070 808 3142 aromaticum.
837 3069 1061 3143 Electuarum
1090 3069 1278 3142 lentitiam.
1309 3069 1394 3142 Em·

190 3197 367 3292 plastrum
386 3197 629 3293 Anpliconum.
659 3196 727 3270 Mel
744 3205 911 3270 rosatum.
939 3197 1078 3296 Ouymel
1095 3196 1229 3272 scillae.
1255 3198 1399 3296 Oxymel

176 3353 183 3366 ·
196 3325 351 3420 simplex.

606 3721 713 3829 Mol
738 3727 999 3830 rosatum.

197 3943 613 4040 meliorantium
749 3952 950 4040 prommato
968 3944 1096 4041 vipioti
1348 3945 1399 4017 00

338 4071 458 4173 Aque
479 4070 639 4149 fervidus
748 4080 948 4170 prommato
969 4072 1053 4144 duce
1070 4079 1161 4144 ento.
1323 4071 1400 4145 000

309 4201 456 4294 Sepone
477 4223 543 4295 per
560 4205 636 4274 tres
657 4199 783 4292 horas,
805 4206 884 4274 tum
915 4201 998 4274 cola
1019 4207 1056 4274 et
1084 4201 1261 4294 exprime,
1290 4204 1402 4292 atque

198 4328 334 4421 liquori
354 4328 492 4401 filtrato
512 4328 611 4400 adda
747 4383 748 4388 ,

338 4452 454 4530 flellls
475 4451 644 4555 deputati
743 4461 942 4552 praeamata
958 4454 1156 4550 quincono.
1326 4455 1403 4528 500

310 4581 426 4654 Mixta
447 4587 695 4673 evaporentur
713 4581 787 4654 leni
803 4583 886 4674 igne
903 4583 950 4653 30
967 4580 1090 4654 mellis
1106 4581 1401 4673 spissitudinem.

312 4709 430 4781 Serva
449 4709 487 4780 in
506 4708 590 4780 loco
611 4708 754 4800 frigido.

1187 4848 1239 4902 rr*
