3574 5454
683 533 898 606 -133-

200 760 426 842 attenuatae,
447 752 610 845 glabrae,
641 775 795 826 sursum
823 751 1286 842 tuberculoso-echinatae,
1311 773 1404 827 non-

202 883 323 956 nullae
355 881 536 954 loramine
562 882 714 971 laterali,
745 883 820 955 duo
855 880 904 954 ad
934 881 1005 953 tria
1033 879 1247 953 millimetra
1280 881 1405 974 amplo

201 1013 414 1098 instructae,
458 1009 593 1082 eoloris
635 1008 989 1100 griseo-subviridis
1035 1009 1147 1081 modo
1190 1007 1405 1100 pallidioris

201 1139 313 1211 modo
339 1137 578 1226 obscurioris,
597 1137 843 1229 ponderosae,
865 1137 992 1224 durae,
1025 1135 1240 1209 substantia
1260 1134 1407 1220 interna

201 1287 301 1338 nune
329 1265 460 1353 solida,
486 1265 705 1352 subcornea,
736 1286 837 1338 nune
865 1265 1017 1352 laxiore,
1040 1263 1407 1354 granuloso-friabili,

202 1395 388 1466 interdum
425 1393 581 1481 radiata,
612 1393 746 1465 eoloris
777 1391 946 1463 subfusci
995 1396 1061 1462 aut
1107 1389 1406 1479 fluvido-albidi,

204 1543 339 1593 cavum
355 1521 517 1594 centrale
533 1520 741 1593 solitarium
759 1517 999 1611 sphaericum
1020 1518 1243 1607 continente,
1260 1516 1408 1609 saporis

204 1648 407 1720 admodum
428 1647 707 1738 adstringentis

320 1793 494 1864 Tinctum.

530 2181 787 2292 Galatina
808 2180 1076 2290 animalis·

315 2409 486 2482 Gelatina
514 2413 676 2500 purgata
713 2429 757 2480 ex
795 2407 945 2480 ossibus
984 2403 1203 2477 animalium
1241 2405 1408 2477 obtenta.

206 2537 308 2609 Sistit
332 2537 503 2610 lamellas
530 2541 673 2623 tenues
702 2535 919 2626 pellucidaS,
947 2554 1042 2626 quae
1060 2552 1146 2604 cum
1164 2532 1334 2622 partibus
1356 2533 1406 2604 80

207 2665 254 2736 ad
274 2667 348 2737 100
365 2685 486 2757 aquae
502 2663 665 2735 fervidae
681 2662 864 2754 liquorem
878 2661 954 2734 fere
971 2658 1194 2746 decolorem,
1213 2657 1410 2750 limpidum

207 2798 242 2864 te
262 2792 461 2864 inodorum
480 2790 697 2882 praebeant.
727 2788 873 2861 Solutio
901 2785 1118 2877 refrigerata
1147 2785 1186 2856 in
1206 2785 1410 2876 gelatinam

203 2919 303 3010 juste
325 2919 593 2992 consistentem
614 2920 793 2991 trauseat.

239 3368 240 3372 κ
351 3310 602 3421 Galatina
628 3309 949 3452 hiquiritiae
977 3309 1271 3453 pellucido.

206 3557 307 3649 Rpe:
344 3553 486 3631 {iudicis
507 3552 715 3655 iiquiritiao
736 3551 930 3629 mundatae

743 3687 943 3776 mummola
962 3678 1202 3774 quadrayiuta
1354 3677 1406 3749 40

318 3811 487 3882 Contusa
505 3809 752 3884 infundantur
772 3828 857 3880 cum

345 3935 463 4035 Aquae
482 3933 691 4012 destinatae
745 3939 983 4030 qrammalum
1005 3933 1118 4004 tribus
1141 3931 1248 4004 millt-

811 4063 883 4134 bua
1309 4061 1413 4132 3000

318 4189 358 4263 In
379 4191 554 4264 Colatura
573 4190 677 4263 solve

344 4315 481 4393 Gummi
502 4316 650 4393 donatae
671 4316 812 4393 contusi

749 4449 950 4540 yruuunolu
969 4442 1062 4513 aalide
1306 4441 1407 4511 1000

208 4581 245 4646 et

343 4699 511 4777 Saoohari
532 4705 674 4777 oonlusi
746 4704 948 4797 yratuma‘o
968 4697 1175 4792 octiuyautu.
1339 4695 1416 4764 800
