3574 5454
833 543 836 550 “
945 579 1155 668 ⁴--roa--

448 792 563 864 tionis
598 793 777 880 neutrius,
813 796 959 890 saporis
990 797 1122 869 leniter
1151 794 1429 886 adstringentis,
1460 795 1535 889 qui,
1575 817 1647 870 una

452 924 559 1011 gutta
579 919 673 991 acidi
694 921 864 994 sulfurici
884 923 989 997 diluti
1018 923 1174 1016 adjecta,
1195 922 1371 996 continuo
1391 923 1428 994 iu
1447 923 1648 1016 gelatinaru

452 1047 575 1135 abeat,
594 1047 691 1120 ferro
711 1047 997 1141 hydrooxydato
1017 1051 1263 1125 efformatam

557 1174 695 1267 Viginti
714 1181 926 1266 grammata
955 1178 1108 1270 liquoris
1139 1178 1186 1250 ad
1217 1175 1423 1250 siccitatem
1447 1184 1648 1271 evaporata

451 1301 545 1375 etin
565 1302 701 1375 balneo
725 1324 863 1376 arenae
898 1305 1085 1396 calefacta,
1120 1306 1239 1379 donec
1272 1303 1423 1397 pondus
1453 1304 1468 1396 j
1574 1325 1647 1378 nou

452 1429 707 1518 imminuatur,
747 1431 940 1503 residuum
967 1432 1180 1524 relinquant
1212 1431 1391 1524 ponderis
1431 1433 1646 1523 grammatis

450 1554 577 1646 uniuS,
600 1557 702 1649 quod
722 1561 843 1629 toturn
862 1559 938 1630 fere
960 1564 1105 1631 constet
1125 1580 1171 1631 ex
1190 1559 1287 1632 ferro
1308 1559 1480 1651 oxydato.

558 1683 787 1758 Centimetra
807 1685 940 1758 cubica
959 1686 1124 1778 quinque
1146 1687 1185 1778 (5
1207 1686 1291 1778 CC.)
1311 1686 1425 1778 huius
1436 1688 1646 1780 praeparati

272 1789 275 1796 ⁴
314 1863 316 1868 ,
449 1833 535 1883 cum
555 1812 703 1904 aequali
722 1812 912 1885 volumine
934 1811 1031 1885 acidi
1050 1812 1171 1886 uitrici
1193 1813 1298 1886 diluti
1318 1814 1506 1904 calefacta,
1528 1815 1646 1887 donec

447 1938 585 2011 solutio
596 1938 749 2032 limpida
764 1940 938 2012 subflavo
954 1941 1123 2028 evaserit,
1139 1940 1257 2014 tribus
1269 1941 1496 2014 centimetris
1508 1942 1645 2014 cubicis

450 2072 487 2138 et
506 2065 659 2138 dimidio
681 2067 758 2158 (3·5
780 2066 864 2158 CC.)
887 2067 1088 2140 solutionis
1110 2068 1253 2160 argenti
1277 2068 1399 2141 uitrici
1418 2069 1647 2142 volumetrici

451 2193 597 2282 additis,
617 2194 801 2286 liquorem
820 2195 1037 2287 praebeant,
1065 2194 1129 2286 qui
1162 2195 1322 2268 filtratus
1357 2197 1471 2287 guttis
1506 2196 1647 2288 aliquot

400 2395 402 2400 ,
453 2320 652 2394 solutionis
672 2321 815 2413 argenti
834 2322 957 2394 nitrici
976 2342 1053 2394 non
1074 2322 1236 2415 amplius
1251 2324 1430 2396 turbetur.

557 2447 600 2520 In
619 2452 804 2542 apparatu
823 2448 978 2521 Marshii
1013 2449 1268 2521 examinatum
1299 2449 1458 2542 vestigia
1490 2450 1646 2522 arsenici

450 2595 497 2647 ne
516 2576 663 2666 prodat.

786 2859 1012 2969 llcrrurn
1036 2860 1308 2970 lacticum.

559 3085 717 3158 Crustas
739 3085 976 3178 crystallinae
998 3107 1017 3157 e
1039 3086 1147 3158 viridi
1167 3085 1273 3158 albae
1285 3086 1342 3158 vel
1353 3086 1477 3178 pulvis
1494 3086 1645 3177 crystal-

452 3211 551 3283 linus
589 3212 667 3284 sere
701 3211 820 3300 albus
853 3212 893 3284 in
927 3233 1027 3305 aqua
1059 3213 1201 3286 fervida
1232 3212 1337 3284 haud
1371 3212 1579 3300 difficulter,
1612 3213 1647 3284 in

449 3339 584 3430 frigida
602 3339 728 3411 minus
748 3338 867 3426 facile,
901 3339 938 3412 in
974 3339 1109 3433 spiritu
1128 3339 1204 3411 vini
1238 3339 1299 3410 vix
1333 3339 1515 3430 solubilis.
1543 3338 1645 3412 Cale-

446 3468 569 3539 tactus
589 3487 749 3558 vapores
771 3467 904 3539 emittit
937 3467 1086 3556 densos
1122 3467 1248 3540 odoris
1275 3465 1370 3538 acidi
1402 3465 1646 3559 penetrantis

357 3593 358 3596 ’
447 3594 902 3682 caramelum'monentes
922 3598 1003 3666 tum
1024 3594 1270 3684 carbonescit,
1292 3594 1453 3687 denique
1473 3592 1648 3685 relinquit

445 3721 638 3795 residuum
657 3722 743 3794 ferri
763 3721 924 3813 oxydati.

554 3849 696 3922 Solutio
727 3870 883 3941 aquosa,
913 3848 1112 3920 reactionis
1143 3847 1283 3936 acidae,
1313 3848 1447 3938 frigore
1478 3851 1647 3920 saturata

445 3975 810 4068 lolio-ferricyanato
822 3975 968 4066 adjecto
981 3975 1144 4048 colorem
1155 3974 1436 4048 induitintcnse
1453 3996 1645 4068 nycaeam,

446 4101 819 4195 kalio-serrocyanato
842 4102 1038 4175 dumtaxat
1059 4103 1356 4175 subcaeruleurn.

550 4229 677 4302 Pulvis
692 4230 793 4302 Ferri
814 4230 934 4302 lactici
955 4252 1040 4304 curn
1060 4229 1167 4303 acido
1182 4228 1359 4302 sulturico
1376 4229 1560 4303 contritus
1580 4251 1646 4302 nec

443 4356 678 4446 gasevolvat,
690 4379 771 4445 nec,
784 4356 925 4430 diutius
943 4358 1141 4450 sepositus
1161 4358 1323 4430 colorem
1342 4358 1491 4431 fuscum
1509 4358 1644 4430 trahat.

552 4483 695 4556 Solutio
708 4506 853 4576 aquosa
863 4506 932 4557 nec
948 4485 1102 4576 plumbo
1121 4484 1272 4573 acetic0,
1289 4506 1370 4573 nec,
1388 4486 1494 4557 acido
1509 4486 1644 4575 hydro·

441 4611 605 4684 chlorico
636 4611 832 4701 aemulata,
854 4633 955 4702 aqua
972 4611 1276 4703 hydrosulfurata
1294 4617 1460 4685 mutetur
1475 4616 1512 4684 et
1527 4612 1643 4703 baryo

439 4739 573 4811 nitrico
593 4760 669 4810 non
689 4740 775 4832 plus
797 4759 912 4831 quam
933 4737 1122 4811 levissime
1142 4739 1324 4811 turbetur.
