3576 5454
868 544 1103 618 -036-

742 755 944 867 llesina
969 756 1208 896 duuiani.

495 978 696 1077 Guojacum
716 983 899 1078 officiente,
921 983 1023 1057 vide:
1045 981 1200 1081 Lignum
1224 983 1387 1080 Guajoci.

487 1110 630 1183 Succus
647 1111 852 1203 resinosus,
871 1133 915 1184 ex
931 1112 1062 1184 arbore
1074 1117 1208 1204 sponte
1220 1113 1279 1185 vel
1289 1119 1367 1187 arte
1383 1113 1576 1185 vulnerata

378 1258 549 1330 manens
569 1244 655 1310 aere
669 1239 866 1311 induratus
887 1245 951 1312 aut
970 1241 1214 1332 decoquendo
1235 1241 1293 1312 vel
1314 1240 1574 1333 eliquescendo

378 1365 582 1439 duraminis
621 1366 805 1456 obtentus
844 1367 1003 1439 occurrit
1040 1368 1153 1440 modo
1191 1369 1229 1439 in
1258 1369 1382 1460 granis
1412 1367 1574 1459 globosis

378 1493 692 1586 subglobosisque
721 1493 844 1566 variae
875 1495 1146 1586 magnitudinis
1166 1495 1279 1568 modo
1298 1497 1336 1567 in
1356 1494 1494 1567 massis
1513 1494 1571 1566 de-

376 1622 556 1694 formibus
577 1621 877 1713 nigro-viridibus
904 1622 1153 1713 subbediisre,
1178 1629 1287 1695 extus
1307 1623 1459 1715 pulvere
1488 1622 1571 1695 sub·

376 1748 482 1821 viridi
498 1750 719 1842 conspersis,
740 1750 852 1838 duris,
865 1750 1067 1841 fragilibus
1087 1751 1251 1823 fractura
1260 1751 1377 1822 vitreo
1394 1751 1523 1842 nitore,
1537 1751 1573 1822 in

375 1876 564 1970 particulis
585 1878 844 1950 minutissimis
863 1877 1065 1970 pellucidis
1093 1877 1230 1971 pallide
1254 1876 1570 1964 viridi-subfuseis

376 2004 525 2097 saporis
555 2005 740 2094 subacriS,
762 2005 1015 2095 amaricantis
1055 2005 1180 2077 odoris
1205 2005 1402 2097 peculiaris
1433 2004 1571 2096 debilis,

377 2131 448 2205 sub
469 2133 591 2205 calore
610 2133 731 2225 magis
752 2133 984 2225 emergentis.

484 2261 624 2334 Resine
656 2261 695 2333 in
727 2261 921 2354 pulverem
953 2261 1106 2333 redacta
1142 2260 1311 2351 albescit,
1356 2259 1570 2333 substantiis

376 2388 628 2478 oxydentibus
652 2389 839 2462 viridescit
857 2393 923 2461 aut
942 2387 1178 2474 eaerulescit;
1204 2387 1360 2460 solvitur
1378 2388 1416 2460 in
1445 2389 1571 2482 spiritu

377 2515 451 2588 vini
472 2519 712 2588 concentrato
733 2522 769 2590 et
787 2517 883 2590 kalio
902 2516 1199 2608 hydrooxydato.

488 2643 668 2714 tinctura.
734 2693 735 2698 κ

595 3078 920 3191 Resona
955 3082 1352 3216 Jalapae.

374 3317 473 3408 Bpe:
489 3313 791 3419 lindisisdalapae
803 3315 944 3395 ruditu
954 3325 1056 3396 tusae
1064 3323 1267 3416 grammato
1279 3319 1479 3415 petreponte.
1493 3318 1566 3388 500

483 3443 718 3518 Infundendo
739 3468 825 3518 cnm

484 3570 603 3672 tque
623 3569 786 3649 fervidae
806 3596 837 3668 q.
857 3595 883 3645 s.

372 3721 523 3772 macero
541 3721 608 3792 per
628 3705 704 3772 tres
726 3700 813 3791 dieS,
836 3700 919 3772 dein
941 3700 1105 3793 exprime
1127 3706 1162 3774 et
1182 3700 1291 3773 sicca.

483 3828 635 3900 Siccatis
655 3827 805 3900 effunde

509 3949 668 4054 Spiritus
689 3950 766 4029 Vini
787 3953 1013 4030 unientem
1032 3962 1234 4053 prornmutu
1254 3955 1354 4027 inille.
1472 3955 1568 4026 1000

310 4179 313 4188 ¹
480 4083 572 4155 Posi
592 4082 835 4174 digestionem
853 4103 921 4175 per
939 4081 1243 4175 vigintiquatuor
1262 4082 1376 4155 horas
1392 4081 1568 4173 liquorem

374 4210 545 4300 detunde,
556 4208 747 4282 residuum
758 4231 978 4302 expressum
999 4233 1081 4282 cum
1095 4213 1247 4302 spiritus
1262 4209 1569 4283 viniconcentrati

373 4339 504 4411 eadem
526 4335 730 4428 quantitate
750 4337 874 4409 denuo
891 4337 1014 4428 digere
1030 4342 1066 4410 et
1085 4338 1182 4410 hanc
1203 4338 1448 4429 digestionem
1467 4337 1571 4409 tertia

372 4467 452 4539 vice
468 4470 605 4557 repete.
637 4464 853 4536 Atincturis
873 4464 1017 4537 filtratis
1038 4470 1074 4537 et
1097 4465 1304 4538 commixtis
1330 4466 1482 4558 spiritus
1503 4463 1571 4535 vini

372 4599 410 4670 in
427 4591 562 4664 balneo
583 4613 705 4682 equae
722 4591 946 4664 destillendo
974 4597 1176 4684 separetur.
1199 4591 1409 4665 Residuum
1422 4591 1570 4663 immitte

372 4718 409 4791 in
428 4741 566 4811 aquam
581 4719 807 4792 destillatam
829 4718 1045 4791 bullientem
1066 4725 1102 4792 et
1120 4740 1251 4812 coque,
1269 4723 1311 4791 ut
1329 4719 1481 4812 spiritus
1500 4721 1570 4793 vini
