3502 5454
639 556 853 628 ..qq-

151 774 385 904 Aqua
422 774 1087 908 Amyodalareum
1115 798 1345 884 ama·

283 963 588 1046 rarum
631 942 1207 1050 concentratae.

146 1157 247 1248 Rpc:
281 1153 559 1256 dmygtlalarum
579 1178 778 1233 amararum
819 1162 1014 1254 grammato
1035 1156 1234 1252 octingenta.
1265 1159 1344 1230 800

255 1283 450 1356 Contunde
466 1287 503 1356 et
516 1283 649 1357 iterata
665 1285 904 1377 expressione
920 1283 970 1356 ab
983 1285 1065 1356 oleo
1076 1283 1205 1376 pingui
1219 1285 1344 1358 libera.

144 1408 359 1483 Placentam
384 1412 575 1484 residuam
599 1412 637 1484 in
663 1413 855 1507 pulverem
875 1412 1069 1484 redactam
1088 1411 1125 1483 in
1147 1412 1344 1486 duodecim

145 1543 271 1630 partes
292 1537 424 1612 divide.

252 1665 401 1738 Partem
441 1687 556 1738 unam
597 1687 758 1759 sepone,
797 1669 961 1761 reliquas
1007 1668 1181 1742 undecim
1218 1675 1344 1763 partes

144 1793 286 1866 sensim
312 1794 438 1885 ingere
467 1795 505 1866 in
529 1794 694 1867 vesicam
725 1794 1020 1886 destillatoriam,
1055 1818 1150 1888 quae
1178 1797 1345 1870 continet

250 1917 1341 2019 Aquae·tertullruetrtnerttgravandamsanternuoooo

250 2067 415 2141 Miscella
444 2068 596 2142 ebulliat
625 2091 693 2161 per
724 2069 866 2160 aliquot
894 2069 1075 2160 minutas,
1106 2071 1191 2143 dein
1220 2071 1344 2163 ignem

142 2195 326 2286 extingue.
761 2279 765 2284 ¹

249 2322 341 2396 Post
359 2325 676 2415 refrigerationem
701 2325 867 2398 admisce
895 2325 1018 2398 adhuc
1042 2325 1235 2398 residuam
1259 2348 1343 2418 par·

141 2454 217 2522 tem
236 2451 441 2542 placentae.

249 2577 329 2650 Stet
347 2600 414 2670 per
433 2579 720 2671 nyctbemerum
740 2580 827 2652 dein
847 2580 1005 2669 desidia,
1027 2581 1146 2653 donec

792 2711 990 2803 qrammata
1008 2706 1101 2778 mille
1243 2708 1344 2780 1000

141 2814 199 2886 vel
219 2837 253 2906 q.
275 2837 305 2887 S.

139 2942 362 3031 transierint,
399 2948 441 3015 nt
475 2942 621 3014 miletae
652 2949 774 3038 partes
807 2963 929 3033 aquae
966 2942 1180 3016 contineant
1204 2949 1343 3038 porterve

141 3093 245 3140 unam
267 3070 361 3142 acidi
380 3070 660 3161 hydrocyanici.

247 3196 305 3268 Ad
327 3197 575 3288 quantitatem
596 3197 682 3270 dicti
704 3196 800 3269 acidi
820 3196 1147 3268 determinandam
1169 3196 1345 3268 inserviat

140 3324 276 3396 solutio
306 3323 410 3416 cupri.
438 3323 601 3396 sulfurici
631 3323 886 3412 volumetrica,
913 3323 1023 3415 cujus
1052 3324 1211 3415 quodvis
1232 3325 1344 3396 centi-

139 3457 301 3524 metrum
317 3451 489 3523 cubicum
510 3451 649 3524 indicat
668 3450 932 3542 milligramma
951 3471 1070 3524 unum
1091 3450 1183 3525 acidi
1205 3450 1343 3544 hydro-

140 3579 297 3671 cyanici.

246 3707 343 3779 Hinc
357 3706 536 3796 miscella,
548 3705 717 3778 confecta
732 3727 777 3778 ex
788 3704 921 3796 Aquae
931 3706 1226 3798 Amygdalarum
1240 3730 1341 3780 arna-

138 3857 263 3908 rarum
296 3839 558 3908 concentratae
588 3833 815 3906 centimetris
846 3832 984 3906 cubicis
1020 3832 1148 3925 viginti
1178 3835 1343 3926 quinque

140 3964 206 4054 (05
224 3964 295 4058 00)
313 3968 350 4036 et
370 3963 581 4036 ammoniae
598 3961 845 4036 centrimetris
868 3962 1007 4034 cubicis
1024 3961 1188 4054 quinque
1206 3963 1245 4054 (5
1259 3961 1342 4054 00),

138 4092 305 4183 requirat
337 4090 562 4163 centimetra
591 4089 911 4181 vigintiquinque
943 4088 1009 4184 (25
1045 4088 1117 4180 00)
1144 4088 1343 4162 solutionis

139 4198 243 4310 cupri
278 4217 453 4305 sulfurici,
493 4219 613 4292 donec
651 4216 774 4309 liquor
812 4217 976 4289 colorem
1015 4217 1228 4290 caeruleum
1266 4237 1343 4289 non

139 4344 300 4437 amplius
321 4351 609 4418 evanescentem
629 4345 760 4418 induit.

246 4471 358 4562 Aqua
393 4473 688 4564 Amygdalarum
728 4493 943 4544 amararum
980 4472 1028 4543 sit
1059 4492 1196 4563 parum
1232 4471 1344 4544 lacte·

139 4619 261 4688 scens,
282 4600 408 4672 oleum
433 4600 718 4691 amygdalarum
739 4621 956 4673 amararum
982 4603 1017 4671 et
1040 4598 1187 4671 acidum
1207 4599 1341 4691 hydro·

66 4719 69 4725 ’
139 4726 343 4818 cyanicum
357 4728 541 4816 redolens,
563 4728 708 4820 saporis
729 4727 870 4800 urentis
891 4726 1043 4798 minime
1064 4725 1195 4799 dulcis,
