3574 5454
928 520 1142 591 „94-

542 735 640 807 Tum
659 735 785 827 ingere
805 757 978 808 massam
997 737 1034 808 in
1056 741 1281 828 apparatum
1311 734 1577 826 depulsorium
1614 735 1653 801 et

436 863 704 957 supereffunde

570 987 727 1088 Spiritus
749 990 825 1067 vnn
845 991 954 1068 diluti
1091 1017 1122 1087 p.
1144 1015 1185 1084 a,

435 1125 475 1193 ut
494 1141 622 1193 massa
641 1120 784 1212 liquido
805 1121 955 1196 obtecta
975 1123 1031 1194 sit.

543 1246 781 1342 Maceraper
801 1248 1051 1342 quadraginta
1085 1253 1170 1322 octo
1203 1250 1330 1322 horae.
1362 1248 1445 1336 Quo
1466 1252 1645 1339 [empore

434 1375 563 1466 elapso
581 1376 710 1468 collige
721 1377 905 1468 liquorem
917 1376 1143 1450 defluentem
1154 1377 1192 1448 in
1201 1377 1338 1468 lagena
1349 1376 1427 1449 noti
1444 1373 1643 1468 ponderis

432 1501 551 1574 donec
604 1503 794 1596 quantitas
847 1503 976 1596 liquidi
1024 1503 1175 1596 pondus
1224 1503 1413 1594 octoginta
1466 1501 1641 1594 quinque

435 1633 686 1719 grammatum
707 1630 878 1722 attigerit.
900 1630 1052 1722 Lagena
1085 1651 1171 1702 cum
1204 1630 1373 1723 excipulo
1394 1629 1485 1702 satis
1506 1628 1642 1720 capaci

436 1760 677 1844 commutata,
715 1757 866 1829 residuo
903 1757 1055 1830 affunde
1103 1756 1246 1829 iteratis
1283 1756 1425 1830 vicibus
1463 1756 1641 1850 spiritum

433 1883 508 1955 vini
527 1883 695 1972 dilutum,
715 1885 835 1958 donec
853 1885 960 1957 radix
979 1885 1129 1978 penitus
1149 1884 1335 1957 exhausta
1355 1885 1413 1958 sit.

545 2011 747 2104 Liquorem
762 2013 800 2083 in
815 2011 985 2105 excipulo
1001 2011 1199 2084 collectum
1213 2012 1251 2083 in
1266 2011 1401 2084 balneo
1427 2032 1549 2104 aquae
1575 2011 1640 2081 de·

434 2138 610 2212 stillando
641 2140 816 2234 aspiritu
835 2139 911 2212 vini
929 2139 1052 2228 libera
1086 2139 1281 2212 residuum
1314 2139 1401 2212 inde
1429 2158 1640 2211 remanens

434 2267 483 2338 ad
523 2273 728 2340 extractum
768 2274 879 2342 tenue
918 2269 1158 2360 evaporando
1184 2268 1321 2359 redige,
1361 2269 1513 2340 demum
1548 2289 1640 2338 cum

431 2395 576 2486 liquore
595 2395 633 2466 in
652 2395 787 2487 lagena
806 2396 960 2469 collecto
981 2396 1104 2468 misce.

570 2538 713 2616 Pondus
734 2539 887 2642 liquoris
908 2539 1037 2618 nitran·
1059 2539 1107 2617 sit

1086 2675 1324 2765 praeunctum
1344 2674 1474 2739 certium-
1494 2675 1526 2738 et

1143 2796 1403 2891 quinquaqinta
1560 2796 1640 2868 150

544 2924 654 3012 Quod
694 2925 738 2996 de
777 2925 849 2997 hoe
883 2925 1043 3014 deesset,
1082 2923 1209 2996 addito
1249 2923 1382 3015 spiritu
1416 2922 1491 2994 vini
1533 2944 1639 2995 com·

432 3057 624 3144 pensetur.

505 3413 1009 3522 Ecetranorum
1045 3413 1564 3550 Enosonamt

818 3575 1246 3715 foliorum.

544 3833 700 3908 Paretur
719 3857 738 3907 e
758 3835 869 3908 Foliis
889 3834 1116 3926 Hyoscyami
1135 3834 1398 3928 pulveratisut
1417 3835 1642 3910 Extractum

433 3961 587 4034 Aconiti.

686 4301 1362 4444 dmmmffifflffim

542 4561 698 4636 Paretur
727 4584 745 4634 e
774 4563 915 4637 Radiee
935 4563 1146 4656 Liquiritiae
1172 4569 1331 4637 contusa
1356 4569 1398 4637 ut
1417 4566 1643 4640 Extractum

437 4689 651 4762 Gentianae.
