<?xml version="1.0" encoding="UTF-8"?>
<!DOCTYPE html PUBLIC "-//W3C//DTD XHTML 1.0 Transitional//EN"
    "http://www.w3.org/TR/xhtml1/DTD/xhtml1-transitional.dtd">
<html xmlns="http://www.w3.org/1999/xhtml" xml:lang="en" lang="en">
 <head>
  <title>
</title>
<meta http-equiv="Content-Type" content="text/html;charset=utf-8" />
  <meta name='ocr-system' content='tesseract 3.04.00' />
  <meta name='ocr-capabilities' content='ocr_page ocr_carea ocr_par ocr_line ocrx_word'/>
</head>
<body>
  <div class='ocr_page' id='page_1' title='image "./pharmacopoeaaus00unkngoog_0257.png"; bbox 0 0 3576 5454; ppageno 0'>
   <div class='ocr_carea' id='block_1_1' title="bbox 903 571 1139 647">
    <p class='ocr_par' dir='ltr' id='par_1_1' title="bbox 903 571 1139 647">
     <span class='ocr_line' id='line_1_1' title="bbox 903 571 1139 647; baseline 0 0"><span class='ocrx_word' id='word_1_1' title='bbox 903 571 1139 647; x_wconf 75' lang='lat' dir='ltr'>-oao-</span> 
     </span>
    </p>
   </div>
   <div class='ocr_carea' id='block_1_2' title="bbox 416 791 1615 1523">
    <p class='ocr_par' dir='ltr' id='par_1_2' title="bbox 416 791 1615 1390">
     <span class='ocr_line' id='line_1_2' title="bbox 525 791 1615 884; baseline -0.002 -18"><span class='ocrx_word' id='word_1_2' title='bbox 525 791 706 866; x_wconf 87' lang='lat' dir='ltr'>Radicem</span> <span class='ocrx_word' id='word_1_3' title='bbox 725 791 821 866; x_wconf 89' lang='lat' dir='ltr'>Rhei</span> <span class='ocrx_word' id='word_1_4' title='bbox 840 794 878 865; x_wconf 91' lang='lat' dir='ltr'>in</span> <span class='ocrx_word' id='word_1_5' title='bbox 894 794 1044 884; x_wconf 83' lang='lat' dir='ltr'><strong>Europa</strong></span> <span class='ocrx_word' id='word_1_6' title='bbox 1059 795 1204 883; x_wconf 87' lang='lat' dir='ltr'>cultam,</span> <span class='ocrx_word' id='word_1_7' title='bbox 1224 793 1262 864; x_wconf 92' lang='lat' dir='ltr'>in</span> <span class='ocrx_word' id='word_1_8' title='bbox 1280 794 1474 884; x_wconf 87' lang='lat' dir='ltr'>segmento</span> <span class='ocrx_word' id='word_1_9' title='bbox 1495 795 1615 864; x_wconf 86' lang='lat' dir='ltr'>trans-</span> 
     </span>
     <span class='ocr_line' id='line_1_3' title="bbox 416 918 1614 1013; baseline 0 -21"><span class='ocrx_word' id='word_1_10' title='bbox 416 941 525 992; x_wconf 90' lang='lat' dir='ltr'>verso</span> <span class='ocrx_word' id='word_1_11' title='bbox 545 927 610 992; x_wconf 92' lang='lat' dir='ltr'>aut</span> <span class='ocrx_word' id='word_1_12' title='bbox 624 921 735 1013; x_wconf 88' lang='lat' dir='ltr'>plane</span> <span class='ocrx_word' id='word_1_13' title='bbox 755 941 875 1012; x_wconf 92' lang='lat' dir='ltr'>usque</span> <span class='ocrx_word' id='word_1_14' title='bbox 892 920 940 992; x_wconf 91' lang='lat' dir='ltr'>ad</span> <span class='ocrx_word' id='word_1_15' title='bbox 956 926 1127 992; x_wconf 79' lang='lat' dir='ltr'>centrum</span> <span class='ocrx_word' id='word_1_16' title='bbox 1141 919 1255 992; x_wconf 91' lang='lat' dir='ltr'>radiis</span> <span class='ocrx_word' id='word_1_17' title='bbox 1271 918 1392 1011; x_wconf 89' lang='lat' dir='ltr'>rectis,</span> <span class='ocrx_word' id='word_1_18' title='bbox 1408 919 1614 992; x_wconf 74' lang='lat' dir='ltr'>alternatim</span> 
     </span>
     <span class='ocr_line' id='line_1_4' title="bbox 417 1045 1613 1138; baseline 0.001 -21"><span class='ocrx_word' id='word_1_19' title='bbox 417 1047 539 1118; x_wconf 89' lang='lat' dir='ltr'>rubris</span> <span class='ocrx_word' id='word_1_20' title='bbox 560 1051 596 1118; x_wconf 92' lang='lat' dir='ltr'>et</span> <span class='ocrx_word' id='word_1_21' title='bbox 615 1047 708 1120; x_wconf 89' lang='lat' dir='ltr'>albis</span> <span class='ocrx_word' id='word_1_22' title='bbox 728 1047 962 1138; x_wconf 77' lang='lat' dir='ltr'><strong>instructam,</strong></span> <span class='ocrx_word' id='word_1_23' title='bbox 983 1052 1048 1120; x_wconf 88' lang='lat' dir='ltr'>aut</span> <span class='ocrx_word' id='word_1_24' title='bbox 1067 1047 1303 1120; x_wconf 82' lang='lat' dir='ltr'>solummodo</span> <span class='ocrx_word' id='word_1_25' title='bbox 1334 1045 1371 1118; x_wconf 93' lang='lat' dir='ltr'>in</span> <span class='ocrx_word' id='word_1_26' title='bbox 1400 1047 1540 1118; x_wconf 90' lang='lat' dir='ltr'>ambitu</span> <span class='ocrx_word' id='word_1_27' title='bbox 1557 1069 1613 1118; x_wconf 91' lang='lat' dir='ltr'>ra-</span> 
     </span>
     <span class='ocr_line' id='line_1_5' title="bbox 416 1171 1613 1265; baseline 0.001 -20"><span class='ocrx_word' id='word_1_28' title='bbox 416 1171 545 1245; x_wconf 78' lang='lat' dir='ltr'>diatim</span> <span class='ocrx_word' id='word_1_29' title='bbox 558 1173 742 1265; x_wconf 86' lang='lat' dir='ltr'>linealam‚</span> <span class='ocrx_word' id='word_1_30' title='bbox 759 1174 807 1245; x_wconf 91' lang='lat' dir='ltr'>ad</span> <span class='ocrx_word' id='word_1_31' title='bbox 824 1179 994 1246; x_wconf 83' lang='lat' dir='ltr'>centrum</span> <span class='ocrx_word' id='word_1_32' title='bbox 1008 1194 1142 1245; x_wconf 87' lang='lat' dir='ltr'>versus</span> <span class='ocrx_word' id='word_1_33' title='bbox 1159 1175 1260 1246; x_wconf 88' lang='lat' dir='ltr'>albo·</span> <span class='ocrx_word' id='word_1_34' title='bbox 1279 1177 1315 1245; x_wconf 92' lang='lat' dir='ltr'>et</span> <span class='ocrx_word' id='word_1_35' title='bbox 1327 1174 1613 1265; x_wconf 85' lang='lat' dir='ltr'>rubro-puncta-</span> 
     </span>
     <span class='ocr_line' id='line_1_6' title="bbox 416 1299 1397 1390; baseline 0.001 -20"><span class='ocrx_word' id='word_1_36' title='bbox 416 1303 504 1389; x_wconf 82' lang='lat' dir='ltr'>tam,</span> <span class='ocrx_word' id='word_1_37' title='bbox 525 1299 652 1390; x_wconf 87' lang='lat' dir='ltr'>figuris</span> <span class='ocrx_word' id='word_1_38' title='bbox 673 1300 827 1373; x_wconf 89' lang='lat' dir='ltr'>radiatis</span> <span class='ocrx_word' id='word_1_39' title='bbox 848 1301 989 1386; x_wconf 86' lang='lat' dir='ltr'>orbam,</span> <span class='ocrx_word' id='word_1_40' title='bbox 1009 1300 1186 1372; x_wconf 90' lang='lat' dir='ltr'>adhibere</span> <span class='ocrx_word' id='word_1_41' title='bbox 1206 1321 1282 1371; x_wconf 94' lang='lat' dir='ltr'>non</span> <span class='ocrx_word' id='word_1_42' title='bbox 1302 1299 1397 1372; x_wconf 92' lang='lat' dir='ltr'>licet.</span> 
     </span>
    </p>

    <p class='ocr_par' dir='ltr' id='par_1_3' title="bbox 524 1425 1487 1523">
     <span class='ocr_line' id='line_1_7' title="bbox 524 1425 1487 1523; baseline 0.001 -26"><span class='ocrx_word' id='word_1_43' title='bbox 524 1425 743 1498; x_wconf 57' lang='lat' dir='ltr'>distractum.</span> <span class='ocrx_word' id='word_1_44' title='bbox 765 1427 937 1523; x_wconf 73' lang='lat' dir='ltr'>Syrupus.</span> <span class='ocrx_word' id='word_1_45' title='bbox 963 1427 1132 1499; x_wconf 74' lang='lat' dir='ltr'>Tinctlu’a</span> <span class='ocrx_word' id='word_1_46' title='bbox 1152 1450 1285 1522; x_wconf 83' lang='lat' dir='ltr'>aquoso</span> <span class='ocrx_word' id='word_1_47' title='bbox 1305 1432 1336 1497; x_wconf 85' lang='lat' dir='ltr'>et</span> <span class='ocrx_word' id='word_1_48' title='bbox 1355 1426 1487 1498; x_wconf 84' lang='lat' dir='ltr'>vinosa.</span> 
     </span>
    </p>
   </div>
   <div class='ocr_carea' id='block_1_3' title="bbox 733 1717 1208 1911">
    <p class='ocr_par' dir='ltr' id='par_1_4' title="bbox 733 1717 1208 1911">
     <span class='ocr_line' id='line_1_8' title="bbox 733 1717 1208 1911; baseline 0 -35"><span class='ocrx_word' id='word_1_49' title='bbox 733 1717 735 1722; x_wconf 24' lang='lat'><em>⁷</em></span> <span class='ocrx_word' id='word_1_50' title='bbox 828 1767 1003 1876; x_wconf 81' lang='lat' dir='ltr'>lladix</span> <span class='ocrx_word' id='word_1_51' title='bbox 1030 1767 1208 1911; x_wconf 84' lang='lat' dir='ltr'>Salep.</span> 
     </span>
    </p>
   </div>
   <div class='ocr_carea' id='block_1_4' title="bbox 862 1995 1174 2100">
    <p class='ocr_par' dir='ltr' id='par_1_5' title="bbox 862 1995 1174 2100">
     <span class='ocr_line' id='line_1_9' title="bbox 862 1995 1174 2100; baseline -0.003 -26"><span class='ocrx_word' id='word_1_52' title='bbox 862 1998 1021 2075; x_wconf 82' lang='lat' dir='ltr'>Tubera</span> <span class='ocrx_word' id='word_1_53' title='bbox 1045 1995 1174 2100; x_wconf 90' lang='lat' dir='ltr'>Salep.</span> 
     </span>
    </p>
   </div>
   <div class='ocr_carea' id='block_1_5' title="bbox 410 2191 1614 4835">
    <p class='ocr_par' dir='ltr' id='par_1_6' title="bbox 420 2191 1612 2415">
     <span class='ocr_line' id='line_1_10' title="bbox 524 2191 1612 2286; baseline -0.002 -20"><span class='ocrx_word' id='word_1_54' title='bbox 524 2194 674 2286; x_wconf 85' lang='lat' dir='ltr'>Species</span> <span class='ocrx_word' id='word_1_55' title='bbox 692 2193 861 2266; x_wconf 90' lang='lat' dir='ltr'>diversae</span> <span class='ocrx_word' id='word_1_56' title='bbox 877 2214 1055 2283; x_wconf 82' lang='lat' dir='ltr'>generum</span> <span class='ocrx_word' id='word_1_57' title='bbox 1073 2191 1378 2286; x_wconf 77' lang='lat' dir='ltr'>Oretidoceorum,</span> <span class='ocrx_word' id='word_1_58' title='bbox 1398 2197 1454 2264; x_wconf 93' lang='lat' dir='ltr'>ut:</span> <span class='ocrx_word' id='word_1_59' title='bbox 1482 2191 1612 2284; x_wconf 68' lang='lat' dir='ltr'>(tretia</span> 
     </span>
     <span class='ocr_line' id='line_1_11' title="bbox 420 2319 1115 2415; baseline -0.003 -23"><span class='ocrx_word' id='word_1_60' title='bbox 420 2319 567 2415; x_wconf 71' lang='lat' dir='ltr'>Opirya,</span> <span class='ocrx_word' id='word_1_61' title='bbox 589 2320 833 2409; x_wconf 77' lang='lat' dir='ltr'>Plutuntlieru,</span> <span class='ocrx_word' id='word_1_62' title='bbox 861 2321 892 2390; x_wconf 87' lang='lat' dir='ltr'><em>G</em></span> <span class='ocrx_word' id='word_1_63' title='bbox 894 2319 1115 2415; x_wconf 80' lang='lat' dir='ltr'>prnriodmio.</span> 
     </span>
    </p>

    <p class='ocr_par' dir='ltr' id='par_1_7' title="bbox 411 2446 1614 3556">
     <span class='ocr_line' id='line_1_12' title="bbox 522 2446 1613 2540; baseline -0.001 -20"><span class='ocrx_word' id='word_1_64' title='bbox 522 2447 673 2520; x_wconf 87' lang='lat' dir='ltr'>Tubera</span> <span class='ocrx_word' id='word_1_65' title='bbox 684 2469 783 2540; x_wconf 88' lang='lat' dir='ltr'>aqua</span> <span class='ocrx_word' id='word_1_66' title='bbox 793 2446 932 2518; x_wconf 85' lang='lat' dir='ltr'>fervida</span> <span class='ocrx_word' id='word_1_67' title='bbox 943 2451 1109 2535; x_wconf 85' lang='lat' dir='ltr'>tractata,</span> <span class='ocrx_word' id='word_1_68' title='bbox 1122 2452 1201 2519; x_wconf 92' lang='lat' dir='ltr'>tum</span> <span class='ocrx_word' id='word_1_69' title='bbox 1213 2447 1362 2534; x_wconf 85' lang='lat' dir='ltr'>siccata,</span> <span class='ocrx_word' id='word_1_70' title='bbox 1374 2446 1613 2538; x_wconf 85' lang='lat' dir='ltr'>subglobosa,</span> 
     </span>
     <span class='ocr_line' id='line_1_13' title="bbox 415 2573 1614 2667; baseline -0.002 -19"><span class='ocrx_word' id='word_1_71' title='bbox 415 2577 544 2664; x_wconf 84' lang='lat' dir='ltr'>oralia,</span> <span class='ocrx_word' id='word_1_72' title='bbox 553 2573 1614 2667; x_wconf 83' lang='lat' dir='ltr'>ovataautoblonga,intcgraautrariuspalmatimpartita</span> 
     </span>
     <span class='ocr_line' id='line_1_14' title="bbox 413 2700 1612 2792; baseline -0.002 -16"><span class='ocrx_word' id='word_1_73' title='bbox 413 2725 530 2776; x_wconf 92' lang='lat' dir='ltr'>unum</span> <span class='ocrx_word' id='word_1_74' title='bbox 550 2703 598 2775; x_wconf 91' lang='lat' dir='ltr'>ad</span> <span class='ocrx_word' id='word_1_75' title='bbox 617 2703 688 2775; x_wconf 91' lang='lat' dir='ltr'>tria</span> <span class='ocrx_word' id='word_1_76' title='bbox 708 2707 744 2774; x_wconf 90' lang='lat' dir='ltr'>et</span> <span class='ocrx_word' id='word_1_77' title='bbox 764 2700 955 2773; x_wconf 91' lang='lat' dir='ltr'>dimidium</span> <span class='ocrx_word' id='word_1_78' title='bbox 974 2701 1192 2772; x_wconf 88' lang='lat' dir='ltr'>centimetra</span> <span class='ocrx_word' id='word_1_79' title='bbox 1215 2702 1335 2792; x_wconf 89' lang='lat' dir='ltr'>longa,</span> <span class='ocrx_word' id='word_1_80' title='bbox 1366 2701 1447 2774; x_wconf 89' lang='lat' dir='ltr'>basi</span> <span class='ocrx_word' id='word_1_81' title='bbox 1466 2723 1612 2792; x_wconf 87' lang='lat' dir='ltr'>gemma</span> 
     </span>
     <span class='ocr_line' id='line_1_15' title="bbox 414 2828 1613 2921; baseline -0.003 -17"><span class='ocrx_word' id='word_1_82' title='bbox 414 2831 592 2904; x_wconf 88' lang='lat' dir='ltr'>caulinari</span> <span class='ocrx_word' id='word_1_83' title='bbox 624 2828 844 2919; x_wconf 78' lang='lat' dir='ltr'>umbilicum,</span> <span class='ocrx_word' id='word_1_84' title='bbox 882 2830 1103 2921; x_wconf 90' lang='lat' dir='ltr'>plerumque</span> <span class='ocrx_word' id='word_1_85' title='bbox 1137 2829 1223 2920; x_wconf 91' lang='lat' dir='ltr'>plus</span> <span class='ocrx_word' id='word_1_86' title='bbox 1257 2830 1381 2902; x_wconf 91' lang='lat' dir='ltr'>minus</span> <span class='ocrx_word' id='word_1_87' title='bbox 1407 2835 1613 2920; x_wconf 72' lang='lat' dir='ltr'>corrugata,</span> 
     </span>
     <span class='ocr_line' id='line_1_16' title="bbox 413 2955 1609 3050; baseline -0.002 -20"><span class='ocrx_word' id='word_1_88' title='bbox 413 2958 607 3050; x_wconf 88' lang='lat' dir='ltr'>superficie</span> <span class='ocrx_word' id='word_1_89' title='bbox 636 2955 886 3047; x_wconf 86' lang='lat' dir='ltr'>irregulariter</span> <span class='ocrx_word' id='word_1_90' title='bbox 917 2955 1067 3045; x_wconf 88' lang='lat' dir='ltr'>sulcata,</span> <span class='ocrx_word' id='word_1_91' title='bbox 1097 2955 1279 3028; x_wconf 85' lang='lat' dir='ltr'>lacunosa</span> <span class='ocrx_word' id='word_1_92' title='bbox 1299 2961 1333 3028; x_wconf 92' lang='lat' dir='ltr'>et</span> <span class='ocrx_word' id='word_1_93' title='bbox 1352 2956 1498 3048; x_wconf 88' lang='lat' dir='ltr'>passim</span> <span class='ocrx_word' id='word_1_94' title='bbox 1525 2957 1609 3029; x_wconf 90' lang='lat' dir='ltr'>reti-</span> 
     </span>
     <span class='ocr_line' id='line_1_17' title="bbox 413 3081 1610 3176; baseline 0 -20"><span class='ocrx_word' id='word_1_95' title='bbox 413 3085 703 3176; x_wconf 86' lang='lat' dir='ltr'>culato-rugosa,</span> <span class='ocrx_word' id='word_1_96' title='bbox 755 3104 855 3155; x_wconf 89' lang='lat' dir='ltr'>nunc</span> <span class='ocrx_word' id='word_1_97' title='bbox 898 3081 1098 3171; x_wconf 73' lang='lat' dir='ltr'>sublacum,</span> <span class='ocrx_word' id='word_1_98' title='bbox 1137 3103 1238 3155; x_wconf 91' lang='lat' dir='ltr'>nunc</span> <span class='ocrx_word' id='word_1_99' title='bbox 1276 3084 1432 3175; x_wconf 90' lang='lat' dir='ltr'>paulum</span> <span class='ocrx_word' id='word_1_100' title='bbox 1469 3105 1610 3176; x_wconf 78' lang='lat' dir='ltr'>aspera,</span> 
     </span>
     <span class='ocr_line' id='line_1_18' title="bbox 414 3210 1609 3304; baseline 0 -20"><span class='ocrx_word' id='word_1_101' title='bbox 414 3213 547 3284; x_wconf 89' lang='lat' dir='ltr'>coloris</span> <span class='ocrx_word' id='word_1_102' title='bbox 563 3211 873 3302; x_wconf 81' lang='lat' dir='ltr'>subfusco-grisei</span> <span class='ocrx_word' id='word_1_103' title='bbox 888 3215 952 3282; x_wconf 89' lang='lat' dir='ltr'>aut</span> <span class='ocrx_word' id='word_1_104' title='bbox 972 3210 1317 3301; x_wconf 75' lang='lat' dir='ltr'>allio-tlaveseentis</span> <span class='ocrx_word' id='word_1_105' title='bbox 1339 3213 1503 3304; x_wconf 82' lang='lat' dir='ltr'>margine</span> <span class='ocrx_word' id='word_1_106' title='bbox 1523 3211 1609 3284; x_wconf 91' lang='lat' dir='ltr'>sub·</span> 
     </span>
     <span class='ocr_line' id='line_1_19' title="bbox 411 3338 1608 3430; baseline 0 -20"><span class='ocrx_word' id='word_1_107' title='bbox 411 3339 605 3430; x_wconf 87' lang='lat' dir='ltr'>pellucida,</span> <span class='ocrx_word' id='word_1_108' title='bbox 634 3339 855 3430; x_wconf 85' lang='lat' dir='ltr'>ponderosa,</span> <span class='ocrx_word' id='word_1_109' title='bbox 885 3338 1104 3428; x_wconf 80' lang='lat' dir='ltr'>subcorma,</span> <span class='ocrx_word' id='word_1_110' title='bbox 1132 3339 1296 3429; x_wconf 77' lang='lat' dir='ltr'>inodora</span> <span class='ocrx_word' id='word_1_111' title='bbox 1326 3339 1434 3412; x_wconf 83' lang='lat' dir='ltr'>valde</span> <span class='ocrx_word' id='word_1_112' title='bbox 1460 3340 1608 3411; x_wconf 91' lang='lat' dir='ltr'>mucila-</span> 
     </span>
     <span class='ocr_line' id='line_1_20' title="bbox 413 3466 554 3556; baseline 0.014 -20"><span class='ocrx_word' id='word_1_113' title='bbox 413 3466 554 3556; x_wconf 88' lang='lat' dir='ltr'>ginosa.</span> 
     </span>
    </p>

    <p class='ocr_par' dir='ltr' id='par_1_8' title="bbox 411 3591 1608 3942">
     <span class='ocr_line' id='line_1_21' title="bbox 521 3591 1608 3686; baseline 0.002 -22"><span class='ocrx_word' id='word_1_114' title='bbox 521 3591 766 3685; x_wconf 84' lang='lat' dir='ltr'>Microscopio</span> <span class='ocrx_word' id='word_1_115' title='bbox 796 3593 989 3684; x_wconf 83' lang='lat' dir='ltr'>explorata</span> <span class='ocrx_word' id='word_1_116' title='bbox 1010 3593 1155 3666; x_wconf 89' lang='lat' dir='ltr'>excellit</span> <span class='ocrx_word' id='word_1_117' title='bbox 1174 3593 1279 3666; x_wconf 86' lang='lat' dir='ltr'>radix</span> <span class='ocrx_word' id='word_1_118' title='bbox 1301 3594 1410 3686; x_wconf 88' lang='lat' dir='ltr'>Salep</span> <span class='ocrx_word' id='word_1_119' title='bbox 1431 3594 1608 3686; x_wconf 87' lang='lat' dir='ltr'>imprimis</span> 
     </span>
     <span class='ocr_line' id='line_1_22' title="bbox 411 3720 1606 3815; baseline 0 -21"><span class='ocrx_word' id='word_1_120' title='bbox 411 3722 577 3794; x_wconf 85' lang='lat' dir='ltr'>utriculis</span> <span class='ocrx_word' id='word_1_121' title='bbox 587 3720 798 3794; x_wconf 87' lang='lat' dir='ltr'>numerosis</span> <span class='ocrx_word' id='word_1_122' title='bbox 810 3721 1012 3810; x_wconf 81' lang='lat' dir='ltr'>grandibus</span> <span class='ocrx_word' id='word_1_123' title='bbox 1030 3721 1250 3814; x_wconf 88' lang='lat' dir='ltr'>mucilagine</span> <span class='ocrx_word' id='word_1_124' title='bbox 1267 3722 1417 3814; x_wconf 87' lang='lat' dir='ltr'>repletis</span> <span class='ocrx_word' id='word_1_125' title='bbox 1433 3723 1606 3815; x_wconf 87' lang='lat' dir='ltr'>inparen-</span> 
     </span>
     <span class='ocr_line' id='line_1_23' title="bbox 412 3850 839 3942; baseline -0.005 -20"><span class='ocrx_word' id='word_1_126' title='bbox 412 3850 585 3940; x_wconf 89' lang='lat' dir='ltr'>chymate</span> <span class='ocrx_word' id='word_1_127' title='bbox 605 3850 727 3942; x_wconf 91' lang='lat' dir='ltr'>amylo</span> <span class='ocrx_word' id='word_1_128' title='bbox 753 3850 839 3920; x_wconf 87' lang='lat' dir='ltr'>leto.</span> 
     </span>
    </p>

    <p class='ocr_par' dir='ltr' id='par_1_9' title="bbox 411 3976 1607 4323">
     <span class='ocr_line' id='line_1_24' title="bbox 519 3976 1605 4068; baseline -0.001 -19"><span class='ocrx_word' id='word_1_129' title='bbox 519 3976 719 4049; x_wconf 88' lang='lat' dir='ltr'>Pulverata</span> <span class='ocrx_word' id='word_1_130' title='bbox 747 3977 863 4066; x_wconf 71' lang='lat' dir='ltr'>radia,</span> <span class='ocrx_word' id='word_1_131' title='bbox 892 3977 1059 4068; x_wconf 89' lang='lat' dir='ltr'>partibus</span> <span class='ocrx_word' id='word_1_132' title='bbox 1090 3977 1141 4049; x_wconf 84' lang='lat'>50</span> <span class='ocrx_word' id='word_1_133' title='bbox 1164 3998 1283 4068; x_wconf 91' lang='lat' dir='ltr'>aquae</span> <span class='ocrx_word' id='word_1_134' title='bbox 1314 3981 1429 4068; x_wconf 83' lang='lat' dir='ltr'>cocta,</span> <span class='ocrx_word' id='word_1_135' title='bbox 1460 3977 1605 4048; x_wconf 88' lang='lat' dir='ltr'>mucila-</span> 
     </span>
     <span class='ocr_line' id='line_1_25' title="bbox 411 4103 1607 4197; baseline 0 -22"><span class='ocrx_word' id='word_1_136' title='bbox 411 4106 535 4196; x_wconf 88' lang='lat' dir='ltr'>ginem</span> <span class='ocrx_word' id='word_1_137' title='bbox 558 4111 645 4197; x_wconf 88' lang='lat' dir='ltr'>post</span> <span class='ocrx_word' id='word_1_138' title='bbox 668 4103 984 4195; x_wconf 82' lang='lat' dir='ltr'>refrigerationem</span> <span class='ocrx_word' id='word_1_139' title='bbox 1010 4105 1102 4176; x_wconf 91' lang='lat' dir='ltr'>satis</span> <span class='ocrx_word' id='word_1_140' title='bbox 1132 4105 1297 4196; x_wconf 81' lang='lat' dir='ltr'>spissam</span> <span class='ocrx_word' id='word_1_141' title='bbox 1324 4105 1489 4197; x_wconf 85' lang='lat' dir='ltr'>praebet,</span> <span class='ocrx_word' id='word_1_142' title='bbox 1517 4125 1607 4196; x_wconf 90' lang='lat' dir='ltr'>quae</span> 
     </span>
     <span class='ocr_line' id='line_1_26' title="bbox 411 4231 1406 4323; baseline 0.001 -20"><span class='ocrx_word' id='word_1_143' title='bbox 411 4232 537 4304; x_wconf 88' lang='lat' dir='ltr'>addita</span> <span class='ocrx_word' id='word_1_144' title='bbox 557 4231 742 4304; x_wconf 89' lang='lat' dir='ltr'>solutione</span> <span class='ocrx_word' id='word_1_145' title='bbox 759 4231 838 4323; x_wconf 91' lang='lat' dir='ltr'>jodi</span> <span class='ocrx_word' id='word_1_146' title='bbox 864 4231 1029 4303; x_wconf 91' lang='lat' dir='ltr'>colorem</span> <span class='ocrx_word' id='word_1_147' title='bbox 1048 4231 1264 4304; x_wconf 88' lang='lat' dir='ltr'>caeruleum</span> <span class='ocrx_word' id='word_1_148' title='bbox 1284 4231 1406 4304; x_wconf 77' lang='lat' dir='ltr'>trahit.</span> 
     </span>
    </p>

    <p class='ocr_par' dir='ltr' id='par_1_10' title="bbox 410 4359 1606 4835">
     <span class='ocr_line' id='line_1_27' title="bbox 521 4359 1605 4450; baseline 0 -18"><span class='ocrx_word' id='word_1_149' title='bbox 521 4360 618 4433; x_wconf 88' lang='lat' dir='ltr'>Cave</span> <span class='ocrx_word' id='word_1_150' title='bbox 637 4383 684 4433; x_wconf 91' lang='lat' dir='ltr'>ne</span> <span class='ocrx_word' id='word_1_151' title='bbox 705 4361 838 4433; x_wconf 90' lang='lat' dir='ltr'>tubera</span> <span class='ocrx_word' id='word_1_152' title='bbox 859 4359 1021 4432; x_wconf 89' lang='lat' dir='ltr'>Colchici</span> <span class='ocrx_word' id='word_1_153' title='bbox 1051 4359 1278 4432; x_wconf 88' lang='lat' dir='ltr'>autumnalis</span> <span class='ocrx_word' id='word_1_154' title='bbox 1299 4359 1512 4432; x_wconf 82' lang='lat' dir='ltr'>intermixta</span> <span class='ocrx_word' id='word_1_155' title='bbox 1529 4361 1605 4450; x_wconf 78' lang='lat' dir='ltr'>sint</span> 
     </span>
     <span class='ocr_line' id='line_1_28' title="bbox 411 4487 1606 4580; baseline 0.001 -21"><span class='ocrx_word' id='word_1_156' title='bbox 411 4488 666 4579; x_wconf 89' lang='lat' dir='ltr'>dignoscenda</span> <span class='ocrx_word' id='word_1_157' title='bbox 685 4490 883 4580; x_wconf 86' lang='lat' dir='ltr'>praecipue</span> <span class='ocrx_word' id='word_1_158' title='bbox 900 4488 1006 4561; x_wconf 86' lang='lat' dir='ltr'>sulco</span> <span class='ocrx_word' id='word_1_159' title='bbox 1028 4487 1287 4579; x_wconf 91' lang='lat' dir='ltr'>longitudinali</span> <span class='ocrx_word' id='word_1_160' title='bbox 1308 4488 1347 4558; x_wconf 92' lang='lat' dir='ltr'>in</span> <span class='ocrx_word' id='word_1_161' title='bbox 1369 4492 1473 4579; x_wconf 89' lang='lat' dir='ltr'>parte</span> <span class='ocrx_word' id='word_1_162' title='bbox 1489 4488 1606 4560; x_wconf 88' lang='lat' dir='ltr'>minus</span> 
     </span>
     <span class='ocr_line' id='line_1_29' title="bbox 411 4615 1606 4710; baseline -0.004 -20"><span class='ocrx_word' id='word_1_163' title='bbox 411 4639 578 4690; x_wconf 87' lang='lat' dir='ltr'>convexa</span> <span class='ocrx_word' id='word_1_164' title='bbox 597 4624 661 4689; x_wconf 92' lang='lat' dir='ltr'>aut</span> <span class='ocrx_word' id='word_1_165' title='bbox 679 4618 800 4710; x_wconf 85' lang='lat' dir='ltr'>plana,</span> <span class='ocrx_word' id='word_1_166' title='bbox 831 4617 994 4708; x_wconf 88' lang='lat' dir='ltr'>granulis</span> <span class='ocrx_word' id='word_1_167' title='bbox 1015 4616 1127 4706; x_wconf 88' lang='lat' dir='ltr'>amyli</span> <span class='ocrx_word' id='word_1_168' title='bbox 1155 4615 1373 4706; x_wconf 87' lang='lat' dir='ltr'>regulariter</span> <span class='ocrx_word' id='word_1_169' title='bbox 1394 4615 1606 4708; x_wconf 87' lang='lat' dir='ltr'>compositis</span> 
     </span>
     <span class='ocr_line' id='line_1_30' title="bbox 410 4742 1400 4835; baseline -0.005 -16"><span class='ocrx_word' id='word_1_170' title='bbox 410 4750 447 4819; x_wconf 93' lang='lat' dir='ltr'>et</span> <span class='ocrx_word' id='word_1_171' title='bbox 466 4746 612 4819; x_wconf 83' lang='lat' dir='ltr'>deiectu</span> <span class='ocrx_word' id='word_1_172' title='bbox 630 4744 875 4817; x_wconf 85' lang='lat' dir='ltr'>utriculorum</span> <span class='ocrx_word' id='word_1_173' title='bbox 895 4742 1159 4835; x_wconf 82' lang='lat' dir='ltr'>mucilaginem</span> <span class='ocrx_word' id='word_1_174' title='bbox 1180 4743 1400 4833; x_wconf 91' lang='lat' dir='ltr'>gerentium.</span> 
     </span>
    </p>
   </div>
   <div class='ocr_carea' id='block_1_6' title="bbox 0 0 1792 5454">
    <p class='ocr_par' dir='ltr' id='par_1_11' title="bbox 0 0 1792 5454">
     <span class='ocr_line' id='line_1_31' title="bbox 0 0 1792 5454; baseline 0 2"><span class='ocrx_word' id='word_1_175' title='bbox 0 0 1792 5454; x_wconf 95' lang='lat' dir='ltr'> </span> 
     </span>
    </p>
   </div>
  </div>
 </body>
</html>
