3576 5454
894 558 1132 630 -ulu-

523 774 758 866 Thymolum,
785 774 898 848 calori
926 775 1050 847 balnei
1075 797 1194 867 aquae
1215 800 1304 850 vase
1331 783 1484 869 apperte
1506 799 1612 870 expo-

414 901 537 989 situm,
568 903 680 993 plane
710 903 842 992 avolet,
879 902 1015 975 solutio
1045 901 1126 994 ejus
1161 925 1306 994 aquosa
1339 904 1387 976 sit
1415 906 1613 979 reactionis

413 1029 580 1102 neutrius
601 1035 637 1103 et
656 1031 753 1102 terro
774 1029 1074 1121 sesquichlorato
1096 1031 1222 1102 addito
1242 1051 1290 1102 ne
1310 1031 1507 1104 coloretur.

861 1424 1170 1538 'linaturoo

521 1649 565 1721 ln
612 1649 852 1722 eomciendis
896 1649 1083 1722 Tincturis
1121 1647 1160 1721 in
1208 1670 1341 1740 genere
1385 1649 1612 1723 substantiae

414 1776 665 1850 comminutae
695 1799 762 1870 per
797 1782 873 1849 tres
906 1778 954 1850 ad
980 1797 1047 1848 sex
1073 1775 1152 1849 dies
1183 1775 1222 1848 in
1246 1776 1382 1868 lagena
1407 1779 1505 1848 tecta
1530 1798 1612 1851 curn

415 1903 547 1996 spiritu
591 1904 664 1977 vini
700 1927 745 1978 ea
772 1905 1023 1998 proportione,
1067 1910 1109 1977 ut
1140 1925 1228 1997 pars
1266 1925 1343 1975 una
1380 1903 1611 1977 substantiae

414 2030 568 2104 minoris
610 2032 797 2106 efficaciae
841 2038 967 2124 partes
1008 2033 1175 2124 quinque
1209 2030 1390 2104 tincturae
1427 2030 1611 2122 praebeat,

415 2158 485 2231 sub
508 2159 630 2232 calore
648 2159 725 2231 40⁰
749 2179 826 2231 noo
846 2160 1047 2232 excedente
1068 2145 1290 2252 digerantur,
1306 2157 1429 2248 liquor
1447 2159 1612 2248 colando,

415 2291 452 2359 et
477 2286 508 2358 si
540 2308 637 2379 opus
664 2286 782 2375 tuerit,
817 2287 1057 2378 exprimendo
1095 2309 1118 2358 a
1149 2286 1300 2360 residuo
1339 2251 1542 2377 separetur,
1580 2293 1615 2360 et

414 2419 617 2506 postquam
637 2414 857 2501 subsederit,
878 2414 1044 2486 tiltretur.

524 2541 721 2615 Tincturae
739 2562 783 2612 ex
803 2541 1110 2614 medicaminibus
1127 2539 1396 2612 efficacioribus
1417 2540 1610 2614 confician·
1757 2631 1758 2650 χ

415 2673 476 2741 tur
508 2669 545 2740 in
575 2673 755 2761 apparatu
788 2668 1013 2760 depulsoria,
1048 2667 1086 2738 in
1124 2688 1198 2757 quo
1237 2666 1469 2740 substantiae
1509 2673 1613 2741 antea

416 2795 652 2868 humectatae
689 2797 909 2888 ingeruntur
953 2800 989 2868 et
1036 2816 1122 2866 oum
1168 2793 1365 2866 sufficienti
1413 2797 1611 2886 quantitate
1757 2811 1758 2872 ἰ

417 2924 598 2996 menstrui
627 2924 847 3016 superfusae
876 2944 943 3015 per
962 2921 1208 3014 quodraginta
1235 2925 1319 2992 orto
1353 2920 1469 2994 boras
1498 2943 1611 2994 mace·
1757 2917 1758 2946 l

416 3055 554 3123 rentur.
587 3051 746 3143 Liquore
784 3050 868 3123 dein
905 3051 1071 3123 detracto
1101 3050 1261 3122 addatur
1292 3048 1444 3122 residuo
1478 3049 1610 3121 iteratis
1757 3101 1758 3104 η

416 3178 559 3250 viribus
585 3199 684 3249 nova
714 3177 895 3249 menstrui
925 3177 1125 3268 quantitate,
1157 3177 1276 3249 donee
1308 3197 1376 3267 pro
1410 3197 1487 3248 una
1514 3181 1610 3268 parte
1757 3189 1758 3202 ³

417 3305 648 3378 substantiae
669 3305 786 3377 denae
805 3309 930 3397 partes
950 3305 1132 3377 tincturae
1153 3303 1384 3376 defluxerint.

527 3433 725 3506 Tincturae
753 3438 951 3505 serventur
977 3433 1015 3504 in
1039 3431 1183 3523 lagenis
1210 3431 1346 3522 optime
1367 3431 1515 3520 clausis,
1535 3433 1610 3503 loeo

417 3561 578 3636 obscuro
600 3567 636 3634 et
656 3561 797 3652 frigido.
820 3559 975 3632 Nonnisi
994 3559 1167 3651 limpidae
1188 3559 1410 3650 dispensent
1458 3614 1465 3630 .

569 3957 830 4065 'Pinetum
860 3953 1129 4063 Absintbii
1156 3955 1464 4096 composito.

420 4202 520 4292 Rpe:
559 4194 699 4276 11111111
718 4192 897 4272 Abstulit
952 4201 1157 4293 praumato
1177 4194 1440 4292 quinquaqinta
1571 4195 1616 4268 50

557 4324 709 4402 Gortlois
729 4322 879 4400 leucus
898 4319 1062 4399 baruntii
1116 4328 1319 4418 praumato
1339 4320 1467 4419 aipiuti
1571 4323 1616 4394 uo

557 4451 700 4531 bauan
720 4449 851 4528 orlani
870 4447 1060 4526 aro-utu

631 4633 653 4676 ‚,
725 4577 919 4656 Gentiana
977 4575 1023 4650 ιῖα
1041 4581 1244 4675 promptulo
1264 4575 1373 4647 dacaru
1574 4576 1615 4646 10

559 4707 710 4784 boetius
729 4704 945 4782 cinnamoni
1001 4710 1204 4803 praumato
1224 4703 1388 4800 quinque.
1597 4701 1616 4774 5
