3502 5454
902 540 1119 614 ..72-

776 751 970 861 Cortex
997 751 1256 889 Quercus,

527 940 679 1032 Quereris
696 937 936 1036 pedunculota
963 939 1158 1014 Ehrhart
1182 944 1219 1014 et
1243 940 1395 1032 erercus
1411 938 1628 1037 smsdistoro

409 1068 504 1142 Smi
518 1068 589 1154 th,
610 1068 767 1141 arbores
788 1067 986 1159 indigenae
1007 1069 1238 1142 notissimae.
1265 1065 1503 1162 Copuliferoc.

519 1196 653 1269 Cortex
691 1217 711 1268 e
749 1195 891 1268 truncis
925 1195 1138 1287 junioribus
1176 1215 1273 1285 vere,
1312 1201 1399 1269 ante
1433 1195 1625 1268 foliorum

410 1322 664 1396 evolutionem
684 1323 875 1396 detractus
896 1329 933 1396 et
951 1323 1114 1396 siccatus
1144 1328 1268 1410 tenax,
1306 1345 1426 1397 unum
1454 1323 1505 1396 ad
1536 1321 1624 1394 duo

406 1449 621 1523 millimetra
654 1470 818 1538 crassus,
858 1450 898 1522 iu
932 1449 1128 1543 superficie
1162 1455 1317 1523 externa
1346 1451 1473 1539 laevis,
1516 1447 1624 1542 pen'·

408 1579 574 1651 darmate
594 1577 820 1652 tenuissimo
848 1577 984 1650 coloris
1012 1600 1032 1650 e
1053 1598 1148 1650 cano
1169 1577 1337 1668 argentei
1366 1578 1425 1650 vel
1445 1577 1623 1651 cinereo-

405 1705 511 1794 fusci,
524 1705 655 1777 nitenti
671 1705 850 1792 obtectus
865 1705 904 1776 in
916 1705 1113 1798 superficie
1128 1706 1275 1778 interna
1288 1703 1623 1797 longitudinaliter

406 1834 569 1923 striatas,
600 1833 735 1906 coloris
755 1833 1002 1907 inscescentis
1029 1834 1086 1905 vel
1111 1833 1413 1920 fusco-rubentis
1443 1832 1622 1904 fractura

406 1961 444 2033 in
462 1966 569 2054 parte
589 1961 765 2034 interiore
795 1960 1160 2049 lametloso-fibrosa,
1190 1961 1229 2032 io
1260 1965 1455 2052 segmento
1481 1965 1618 2032 trans·

407 2109 518 2162 verso
535 2089 605 2161 sub
629 2087 876 2180 peridermate
899 2089 1143 2182 mesophloeo
1163 2087 1418 2176 viridescente,
1430 2089 1621 2178 separato

409 2238 431 2288 a
449 2215 543 2288 libro
558 2215 696 2309 pallide
710 2215 943 2304 rubescente,
965 2216 1232 2309 angustissime
1246 2214 1449 2302 tessellato,
1467 2212 1619 2286 annulo

408 2343 588 2416 continuo
614 2343 795 2416 ecellulis
821 2343 1195 2435 solerenchymaticis

515 2469 667 2562 Saporis
706 2472 762 2541 est
800 2473 925 2540 cortex
958 2470 1063 2542 ratde
1091 2467 1371 2561 adstringentis
1411 2467 1618 2540 Solutione

407 2595 524 2669 diluta
564 2596 650 2668 ferri
691 2595 979 2687 sesquichlorati
1013 2597 1251 2670 humectatus
1284 2593 1407 2667 induit
1444 2594 1617 2668 colorem

409 2723 568 2794 obscure
589 2720 814 2795 caeruleum.

612 2968 808 3078 Cortex
835 2970 1064 3079 {thamni
1090 2969 1403 3079 Purshiani.

814 3160 994 3241 Casoara
1017 3164 1202 3266 sagrada.

516 3319 1613 3409 RhamnusPursdiouusDC.,fiutexarborescensdmericae

406 3446 733 3539 septemtrionalis,
756 3447 1005 3520 teramnanae.

520 3576 655 3649 Cortex
672 3577 793 3649 trunci
814 3582 850 3650 et
876 3598 1073 3650 ramorum
1099 3577 1261 3650 siccatus
1279 3575 1320 3648 in
1344 3575 1471 3648 frustis
1493 3595 1610 3648 cana-

407 3703 569 3777 liculatis
591 3709 655 3777 aut
666 3705 884 3794 convolutis,
906 3706 953 3778 ad
969 3706 1044 3778 duo
1060 3705 1277 3778 centimetra
1300 3703 1445 3795 amplia,
1467 3702 1515 3775 ad
1532 3703 1611 3775 duo

405 3830 620 3903 millimetra
639 3832 789 3920 crassis,
819 3832 859 3904 in
879 3832 992 3905 latere
1019 3832 1197 3905 exteriore
1225 3831 1341 3904 discis
1366 3836 1432 3903 aut
1463 3829 1609 3922 griseo-

406 3957 1611 4052 fuscia,sublaevibus,passimperidermatetenuissimocinereo-

406 4085 503 4172 alb0‚
525 4086 728 4174 subnitido,
750 4107 864 4179 saepe
884 4087 1092 4179 apotheciis
1114 4087 1204 4158 atris
1224 4091 1404 4179 punctato
1434 4084 1611 4172 obtectis,

405 4212 442 4283 in
464 4213 580 4286 latere
600 4213 774 4285 interiore
793 4235 813 4285 e
833 4212 1036 4305 nigricante
1060 4213 1340 4302 cinnamomeis‚
1360 4213 1521 4287 tenuiter
1540 4233 1614 4305 per

406 4338 678 4431 longitudinem
708 4339 860 4428 striatis
898 4341 1129 4413 infractura
1167 4341 1329 4414 breuiter
1366 4340 1530 4427 fibrosis‚
1568 4339 1612 4410 in

409 4467 574 4539 sectione
593 4473 810 4539 transversa
830 4466 965 4540 coloris
980 4467 1206 4556 fusco-flavi,
1225 4468 1320 4540 libro
1340 4467 1613 4540 delicatissime

406 4593 579 4666 radiatim
598 4593 748 4666 lineato.
771 4593 926 4686 Saporis
947 4599 1006 4668 est
1025 4595 1230 4668 subamari.

518 4719 723 4792 Extractum
732 4717 904 4815 fluidum.
