3576 5454
879 510 1114 586 -206-

401 731 462 802 Sal
494 730 646 818 siceum,
677 730 734 801 vel
762 729 835 801 luei
863 729 974 820 plena
1004 729 1225 821 expositum,
1250 751 1316 820 per
1335 728 1484 820 longius
1510 735 1601 802 tem·

398 857 500 951 poris
530 855 693 948 spatium
722 856 957 929 immutatum
986 860 1123 945 manet,
1159 863 1324 930 attamen
1353 855 1490 927 solutio
1518 855 1599 947 ejus

399 1005 544 1077 aquosa
573 987 637 1055 aut
656 982 865 1074 spirituosa‚
895 983 954 1054 vel
982 982 1055 1054 luoi
1084 983 1275 1076 dispersae
1303 983 1482 1074 exposita,
1503 982 1601 1055 intra

398 1133 539 1205 paneas
559 1112 673 1183 horas
695 1110 857 1182 colorem
878 1111 1104 1183 subrubrum
1123 1111 1268 1185 trahit..
1436 1091 1439 1096 ⁵

510 1237 653 1311 Solutio
675 1258 819 1328 aquosa
838 1237 965 1309 addito
986 1237 1084 1309 ferro
1105 1237 1407 1329 sesquichlorato
1437 1239 1601 1311 colorem

400 1366 605 1439 violaceum
624 1364 752 1436 induit.
774 1362 1221 1454 SolutioPhysostigmini
1241 1363 1279 1435 in
1299 1363 1405 1435 acido
1425 1364 1598 1437 sulfurieo

403 1496 647 1564 eoncentrato
667 1491 770 1563 initio
792 1490 952 1579 decolor,
974 1495 1062 1582 post
1080 1490 1220 1562 ssavum
1240 1492 1406 1562 colorem
1425 1491 1545 1565 trahit.

416 1778 1058 1915 Pomone-plnum
1113 1781 1598 1915 landonem·
1695 1699 1697 1702 Ι

849 1923 1146 2035 oleum.

509 2147 678 2239 Crystalli
712 2147 829 2234 albae,
869 2150 1037 2235 neutrae,
1077 2146 1223 2238 saporis
1263 2145 1599 2236 subadstringenlis

401 2276 527 2364 amari,
549 2281 633 2348 ae're
652 2275 930 2363 humescente5‚
956 2274 994 2345 in
1023 2295 1122 2366 aqua
1151 2278 1188 2347 et
1216 2273 1346 2366 spiritu
1383 2272 1458 2345 vini
1487 2273 1600 2360 lacile,

401 2425 510 2495 aegre
548 2403 585 2475 in
624 2401 888 2475 chloroforrnio
919 2406 955 2474 et
992 2401 1142 2475 aethere
1177 2401 1368 2473 solubiles.
1416 2399 1458 2472 ln
1496 2400 1599 2472 aeido

401 2530 531 2602 nitrico
570 2533 809 2602 ooneentrato
845 2529 968 2600 colore
1004 2528 1361 2620 subviridi-pallente
1396 2526 1599 2600 solvuntur.

402 2657 445 2729 In
474 2657 658 2729 solutione
679 2678 825 2750 aquosa
853 2656 969 2729 diluta
998 2655 1186 2729 ammonia
1214 2655 1496 2749 praecipitatum
1523 2675 1597 2726 non

404 2785 523 2869 efficit,
554 2785 714 2857 natriurn
733 2784 1059 2876 hydrooxydatum
1089 2784 1315 2857 solutionem
1343 2781 1494 2854 nonnisi
1514 2803 1596 2853 con·

405 2919 608 2986 centratam
627 2913 762 2985 turbat.

752 3196 963 3306 Piluloo
988 3197 1258 3305 laxantes·

406 3425 508 3516 Rpe:
542 3416 648 3497 illut·
1003 3427 1206 3518 qrammuta
1226 3420 1467 3519 quodruqiula
1552 3421 1601 3491 lo

542 3546 687 3624 {indicis
706 3543 860 3646 Jalapae
1001 3554 1204 3646 qrammato
1223 3548 1406 3645 sexuqinio
1554 3549 1601 3618 60

543 3669 695 3774 Saponis
717 3673 946 3753 seutellulis
1000 3682 1204 3773 qrammuiu
1224 3676 1351 3774 oiqiuti
1555 3676 1602 3746 lt}

544 3803 692 3880 lenens
707 3802 805 3879 lirisi
822 3802 984 3906 vulgaris
1002 3810 1170 3901 aromata
1190 3803 1312 3876 decem.
1558 3802 1601 3872 10

515 3935 714 4006 Pulverata
732 3932 863 4019 misoe;
885 3933 976 4004 fiant
996 3933 1076 4024 lege
1098 3933 1186 4004 artis
1206 3932 1341 4023 pilulae
1361 3930 1538 4023 ponderis

986 4059 1314 4156 oeniiqrommatum
1333 4056 1473 4154 vviqlnti.
1517 4058 1602 4129 0·ἓο

832 4346 931 4453 Pix
954 4343 1181 4485 liquido.

517 4555 783 4645 Praeparatum
812 4552 954 4638 venale,
986 4573 1004 4623 e
1033 4551 1133 4642 Fago
1155 4549 1333 4641 sylvatiea
1359 4548 1605 4621 destillatione

408 4684 507 4756 sicca
535 4682 743 4767 obtentum,
770 4679 867 4752 sistit
891 4678 1073 4768 liquorem
1102 4678 1268 4769 spissum
1296 4677 1479 4762 oleosum,
1513 4695 1605 4765 aqua
