<?xml version="1.0" encoding="UTF-8"?>
<!DOCTYPE html PUBLIC "-//W3C//DTD XHTML 1.0 Transitional//EN"
    "http://www.w3.org/TR/xhtml1/DTD/xhtml1-transitional.dtd">
<html xmlns="http://www.w3.org/1999/xhtml" xml:lang="en" lang="en">
 <head>
  <title>
</title>
<meta http-equiv="Content-Type" content="text/html;charset=utf-8" />
  <meta name='ocr-system' content='tesseract 3.04.00' />
  <meta name='ocr-capabilities' content='ocr_page ocr_carea ocr_par ocr_line ocrx_word'/>
</head>
<body>
  <div class='ocr_page' id='page_1' title='image "./pharmacopoeaaus00unkngoog_0252.png"; bbox 0 0 3576 5454; ppageno 0'>
   <div class='ocr_carea' id='block_1_1' title="bbox 669 558 912 632">
    <p class='ocr_par' dir='ltr' id='par_1_1' title="bbox 669 558 912 632">
     <span class='ocr_line' id='line_1_1' title="bbox 669 558 912 632; baseline 0.004 -1"><span class='ocrx_word' id='word_1_1' title='bbox 669 558 912 632; x_wconf 75' lang='lat' dir='ltr'>-aa5-</span> 
     </span>
    </p>
   </div>
   <div class='ocr_carea' id='block_1_2' title="bbox 428 862 1161 1006">
    <p class='ocr_par' dir='ltr' id='par_1_2' title="bbox 428 831 1161 1006">
     <span class='ocr_line' id='line_1_2' title="bbox 428 862 1161 1006; baseline -0.001 -29"><span class='ocrx_word' id='word_1_2' title='bbox 428 862 725 980; x_wconf 67' lang='lat' dir='ltr'>Raeti-v</span> <span class='ocrx_word' id='word_1_3' title='bbox 761 867 1161 1006; x_wconf 74' lang='lat' dir='ltr'>Jalopae.</span> 
     </span>
    </p>
   </div>
   <div class='ocr_carea' id='block_1_3' title="bbox 612 1093 975 1196">
    <p class='ocr_par' dir='ltr' id='par_1_3' title="bbox 612 1093 975 1196">
     <span class='ocr_line' id='line_1_3' title="bbox 612 1093 975 1196; baseline -0.006 -23"><span class='ocrx_word' id='word_1_4' title='bbox 612 1096 771 1174; x_wconf 87' lang='lat' dir='ltr'>Tubera</span> <span class='ocrx_word' id='word_1_5' title='bbox 792 1093 975 1196; x_wconf 82' lang='lat' dir='ltr'>Jalapae.</span> 
     </span>
    </p>
   </div>
   <div class='ocr_carea' id='block_1_4' title="bbox 184 1287 1472 4829">
    <p class='ocr_par' dir='ltr' id='par_1_4' title="bbox 189 1287 1387 1510">
     <span class='ocr_line' id='line_1_4' title="bbox 300 1287 1387 1386; baseline 0.004 -28"><span class='ocrx_word' id='word_1_6' title='bbox 300 1287 595 1386; x_wconf 72' lang='lat' dir='ltr'>IpomoeaPurga</span> <span class='ocrx_word' id='word_1_7' title='bbox 609 1290 643 1361; x_wconf 93' lang='lat' dir='ltr'>H</span> <span class='ocrx_word' id='word_1_8' title='bbox 655 1312 746 1381; x_wconf 87' lang='lat' dir='ltr'>ayn</span> <span class='ocrx_word' id='word_1_9' title='bbox 757 1313 786 1379; x_wconf 92' lang='lat' dir='ltr'>e,</span> <span class='ocrx_word' id='word_1_10' title='bbox 801 1292 931 1384; x_wconf 89' lang='lat' dir='ltr'>planta</span> <span class='ocrx_word' id='word_1_11' title='bbox 944 1290 1131 1382; x_wconf 89' lang='lat' dir='ltr'>perennis,</span> <span class='ocrx_word' id='word_1_12' title='bbox 1146 1290 1185 1361; x_wconf 93' lang='lat' dir='ltr'>in</span> <span class='ocrx_word' id='word_1_13' title='bbox 1199 1290 1387 1362; x_wconf 91' lang='lat' dir='ltr'>montibus</span> 
     </span>
     <span class='ocr_line' id='line_1_5' title="bbox 189 1415 949 1510; baseline 0.007 -25"><span class='ocrx_word' id='word_1_14' title='bbox 189 1415 390 1488; x_wconf 79' lang='lat' dir='ltr'>Mexieanis</span> <span class='ocrx_word' id='word_1_15' title='bbox 410 1422 630 1510; x_wconf 88' lang='lat' dir='ltr'>spontanea.</span> <span class='ocrx_word' id='word_1_16' title='bbox 657 1417 949 1492; x_wconf 75' lang='lat' dir='ltr'>Convolvulaceae.</span> 
     </span>
    </p>

    <p class='ocr_par' dir='ltr' id='par_1_5' title="bbox 186 1543 1472 3293">
     <span class='ocr_line' id='line_1_6' title="bbox 300 1543 1381 1640; baseline 0.001 -25"><span class='ocrx_word' id='word_1_17' title='bbox 300 1543 449 1619; x_wconf 88' lang='lat' dir='ltr'>Tubera</span> <span class='ocrx_word' id='word_1_18' title='bbox 477 1547 717 1638; x_wconf 84' lang='lat' dir='ltr'>subglobosa,</span> <span class='ocrx_word' id='word_1_19' title='bbox 754 1547 979 1640; x_wconf 80' lang='lat' dir='ltr'>pyriformia</span> <span class='ocrx_word' id='word_1_20' title='bbox 1018 1544 1207 1619; x_wconf 90' lang='lat' dir='ltr'>turbinata</span> <span class='ocrx_word' id='word_1_21' title='bbox 1234 1546 1294 1617; x_wconf 91' lang='lat' dir='ltr'>vel</span> <span class='ocrx_word' id='word_1_22' title='bbox 1323 1547 1381 1618; x_wconf 93' lang='lat' dir='ltr'>ob-</span> 
     </span>
     <span class='ocr_line' id='line_1_7' title="bbox 188 1667 1472 1767; baseline 0.002 -26"><span class='ocrx_word' id='word_1_23' title='bbox 188 1667 312 1762; x_wconf 88' lang='lat' dir='ltr'>longa,</span> <span class='ocrx_word' id='word_1_24' title='bbox 333 1673 439 1745; x_wconf 83' lang='lat' dir='ltr'>nucis</span> <span class='ocrx_word' id='word_1_25' title='bbox 456 1672 646 1764; x_wconf 88' lang='lat' dir='ltr'>juglandis</span> <span class='ocrx_word' id='word_1_26' title='bbox 666 1695 787 1766; x_wconf 89' lang='lat' dir='ltr'>usque</span> <span class='ocrx_word' id='word_1_27' title='bbox 807 1675 924 1767; x_wconf 85' lang='lat' dir='ltr'>pugni</span> <span class='ocrx_word' id='word_1_28' title='bbox 943 1673 1209 1766; x_wconf 81' lang='lat' dir='ltr'>magnitudine.</span> <span class='ocrx_word' id='word_1_29' title='bbox 1230 1673 1385 1764; x_wconf 80' lang='lat' dir='ltr'>integra,</span> <span class='ocrx_word' id='word_1_30' title='bbox 1470 1752 1472 1756; x_wconf 59' lang='grc'>,</span> 
     </span>
     <span class='ocr_line' id='line_1_8' title="bbox 189 1799 1386 1894; baseline 0.003 -25"><span class='ocrx_word' id='word_1_31' title='bbox 189 1799 307 1872; x_wconf 89' lang='lat' dir='ltr'>ineisa</span> <span class='ocrx_word' id='word_1_32' title='bbox 327 1801 385 1872; x_wconf 90' lang='lat' dir='ltr'>vel</span> <span class='ocrx_word' id='word_1_33' title='bbox 415 1799 581 1873; x_wconf 84' lang='lat' dir='ltr'>dissecta</span> <span class='ocrx_word' id='word_1_34' title='bbox 623 1802 770 1888; x_wconf 86' lang='lat' dir='ltr'>siccata,</span> <span class='ocrx_word' id='word_1_35' title='bbox 803 1807 1007 1894; x_wconf 81' lang='lat' dir='ltr'>compacta,</span> <span class='ocrx_word' id='word_1_36' title='bbox 1037 1801 1141 1888; x_wconf 87' lang='lat' dir='ltr'>dura,</span> <span class='ocrx_word' id='word_1_37' title='bbox 1161 1800 1386 1892; x_wconf 87' lang='lat' dir='ltr'>ponderosa,</span> 
     </span>
     <span class='ocr_line' id='line_1_9' title="bbox 189 1927 1384 2021; baseline -0.002 -19"><span class='ocrx_word' id='word_1_38' title='bbox 189 1928 422 2002; x_wconf 84' lang='lat' dir='ltr'>extrinsecus</span> <span class='ocrx_word' id='word_1_39' title='bbox 447 1928 764 2020; x_wconf 89' lang='lat' dir='ltr'>longitudinaliter</span> <span class='ocrx_word' id='word_1_40' title='bbox 788 1929 1180 2021; x_wconf 85' lang='lat' dir='ltr'>rugoso-tuberculata</span> <span class='ocrx_word' id='word_1_41' title='bbox 1209 1932 1274 2001; x_wconf 93' lang='lat' dir='ltr'>aut</span> <span class='ocrx_word' id='word_1_42' title='bbox 1298 1927 1384 2000; x_wconf 92' lang='lat' dir='ltr'>irre-</span> 
     </span>
     <span class='ocr_line' id='line_1_10' title="bbox 188 2055 1384 2148; baseline -0.001 -20"><span class='ocrx_word' id='word_1_43' title='bbox 188 2055 364 2146; x_wconf 87' lang='lat' dir='ltr'>gulariter</span> <span class='ocrx_word' id='word_1_44' title='bbox 381 2056 746 2148; x_wconf 81' lang='lat' dir='ltr'>reticulato-rugosa,</span> <span class='ocrx_word' id='word_1_45' title='bbox 762 2058 922 2129; x_wconf 84' lang='lat' dir='ltr'>obscure</span> <span class='ocrx_word' id='word_1_46' title='bbox 951 2057 1068 2146; x_wconf 82' lang='lat' dir='ltr'>fusca,</span> <span class='ocrx_word' id='word_1_47' title='bbox 1090 2057 1198 2148; x_wconf 86' lang='lat' dir='ltr'>quasi</span> <span class='ocrx_word' id='word_1_48' title='bbox 1226 2057 1384 2142; x_wconf 79' lang='lat' dir='ltr'>fumosa,</span> 
     </span>
     <span class='ocr_line' id='line_1_11' title="bbox 187 2184 1382 2277; baseline 0 -22"><span class='ocrx_word' id='word_1_49' title='bbox 187 2185 283 2256; x_wconf 89' lang='lat' dir='ltr'>inter</span> <span class='ocrx_word' id='word_1_50' title='bbox 315 2205 430 2276; x_wconf 90' lang='lat' dir='ltr'>rugas</span> <span class='ocrx_word' id='word_1_51' title='bbox 459 2184 687 2277; x_wconf 75' lang='lat' dir='ltr'>nigricantis,</span> <span class='ocrx_word' id='word_1_52' title='bbox 717 2185 1073 2271; x_wconf 87' lang='lat' dir='ltr'>resinoso-nitentia,</span> <span class='ocrx_word' id='word_1_53' title='bbox 1102 2185 1265 2257; x_wconf 79' lang='lat' dir='ltr'>fractura</span> <span class='ocrx_word' id='word_1_54' title='bbox 1294 2185 1382 2256; x_wconf 91' lang='lat' dir='ltr'>sub·</span> 
     </span>
     <span class='ocr_line' id='line_1_12' title="bbox 188 2312 1383 2404; baseline 0 -20"><span class='ocrx_word' id='word_1_55' title='bbox 188 2312 382 2400; x_wconf 81' lang='lat' dir='ltr'>conchata,</span> <span class='ocrx_word' id='word_1_56' title='bbox 398 2333 520 2404; x_wconf 89' lang='lat' dir='ltr'>neque</span> <span class='ocrx_word' id='word_1_57' title='bbox 536 2313 680 2386; x_wconf 90' lang='lat' dir='ltr'>fibrosa</span> <span class='ocrx_word' id='word_1_58' title='bbox 698 2333 820 2404; x_wconf 89' lang='lat' dir='ltr'>neque</span> <span class='ocrx_word' id='word_1_59' title='bbox 840 2313 995 2403; x_wconf 83' lang='lat' dir='ltr'>lignosa,</span> <span class='ocrx_word' id='word_1_60' title='bbox 1023 2312 1061 2385; x_wconf 92' lang='lat' dir='ltr'>in</span> <span class='ocrx_word' id='word_1_61' title='bbox 1081 2313 1243 2384; x_wconf 73' lang='lat' dir='ltr'>sectione</span> <span class='ocrx_word' id='word_1_62' title='bbox 1262 2317 1383 2385; x_wconf 88' lang='lat' dir='ltr'>trans-</span> 
     </span>
     <span class='ocr_line' id='line_1_13' title="bbox 188 2439 1384 2532; baseline -0.002 -20"><span class='ocrx_word' id='word_1_63' title='bbox 188 2461 298 2512; x_wconf 90' lang='lat' dir='ltr'>versa</span> <span class='ocrx_word' id='word_1_64' title='bbox 336 2440 458 2512; x_wconf 86' lang='lat' dir='ltr'>colore</span> <span class='ocrx_word' id='word_1_65' title='bbox 497 2461 542 2512; x_wconf 86' lang='lat' dir='ltr'>ex</span> <span class='ocrx_word' id='word_1_66' title='bbox 580 2440 704 2512; x_wconf 92' lang='lat' dir='ltr'>albido</span> <span class='ocrx_word' id='word_1_67' title='bbox 725 2441 859 2532; x_wconf 85' lang='lat' dir='ltr'>griseo,</span> <span class='ocrx_word' id='word_1_68' title='bbox 890 2440 1023 2512; x_wconf 84' lang='lat' dir='ltr'>cortice</span> <span class='ocrx_word' id='word_1_69' title='bbox 1053 2443 1224 2530; x_wconf 86' lang='lat' dir='ltr'>angusto,</span> <span class='ocrx_word' id='word_1_70' title='bbox 1246 2439 1384 2511; x_wconf 91' lang='lat' dir='ltr'>annulo</span> 
     </span>
     <span class='ocr_line' id='line_1_14' title="bbox 186 2566 1385 2658; baseline 0 -20"><span class='ocrx_word' id='word_1_71' title='bbox 186 2566 357 2638; x_wconf 85' lang='lat' dir='ltr'>resinoso</span> <span class='ocrx_word' id='word_1_72' title='bbox 377 2571 552 2657; x_wconf 88' lang='lat' dir='ltr'>separato</span> <span class='ocrx_word' id='word_1_73' title='bbox 574 2588 596 2638; x_wconf 93' lang='lat' dir='ltr'>a</span> <span class='ocrx_word' id='word_1_74' title='bbox 614 2567 715 2658; x_wconf 86' lang='lat' dir='ltr'>ligno</span> <span class='ocrx_word' id='word_1_75' title='bbox 736 2566 977 2658; x_wconf 87' lang='lat' dir='ltr'>amplissimo,</span> <span class='ocrx_word' id='word_1_76' title='bbox 1010 2567 1115 2638; x_wconf 87' lang='lat' dir='ltr'>zonis</span> <span class='ocrx_word' id='word_1_77' title='bbox 1143 2567 1385 2638; x_wconf 87' lang='lat' dir='ltr'>eoncentrieis</span> 
     </span>
     <span class='ocr_line' id='line_1_15' title="bbox 186 2693 1382 2786; baseline 0.002 -22"><span class='ocrx_word' id='word_1_78' title='bbox 186 2694 329 2786; x_wconf 88' lang='lat' dir='ltr'>pullise</span> <span class='ocrx_word' id='word_1_79' title='bbox 346 2694 487 2765; x_wconf 85' lang='lat' dir='ltr'>cellulis</span> <span class='ocrx_word' id='word_1_80' title='bbox 501 2693 712 2782; x_wconf 76' lang='lat' dir='ltr'>resiniferiS,</span> <span class='ocrx_word' id='word_1_81' title='bbox 729 2695 766 2767; x_wconf 91' lang='lat' dir='ltr'>in</span> <span class='ocrx_word' id='word_1_82' title='bbox 780 2695 975 2766; x_wconf 78' lang='lat' dir='ltr'>tuberibus</span> <span class='ocrx_word' id='word_1_83' title='bbox 987 2693 1228 2786; x_wconf 83' lang='lat' dir='ltr'>amplioribus</span> <span class='ocrx_word' id='word_1_84' title='bbox 1244 2695 1382 2766; x_wconf 89' lang='lat' dir='ltr'>solum-</span> 
     </span>
     <span class='ocr_line' id='line_1_16' title="bbox 187 2821 1386 2924; baseline 0.002 -32"><span class='ocrx_word' id='word_1_85' title='bbox 187 2822 301 2892; x_wconf 85' lang='lat' dir='ltr'>modo</span> <span class='ocrx_word' id='word_1_86' title='bbox 320 2821 359 2892; x_wconf 94' lang='lat' dir='ltr'>in</span> <span class='ocrx_word' id='word_1_87' title='bbox 379 2827 531 2924; x_wconf 84' lang='lat' dir='ltr'>externa</span> <span class='ocrx_word' id='word_1_88' title='bbox 549 2825 654 2914; x_wconf 89' lang='lat' dir='ltr'>parte</span> <span class='ocrx_word' id='word_1_89' title='bbox 674 2822 733 2894; x_wconf 92' lang='lat' dir='ltr'>his</span> <span class='ocrx_word' id='word_1_90' title='bbox 765 2821 868 2894; x_wconf 88' lang='lat' dir='ltr'>zonis</span> <span class='ocrx_word' id='word_1_91' title='bbox 897 2823 1088 2910; x_wconf 83' lang='lat' dir='ltr'>instructa,</span> <span class='ocrx_word' id='word_1_92' title='bbox 1119 2821 1252 2892; x_wconf 89' lang='lat' dir='ltr'>deinde</span> <span class='ocrx_word' id='word_1_93' title='bbox 1282 2821 1386 2894; x_wconf 89' lang='lat' dir='ltr'>lineis</span> 
     </span>
     <span class='ocr_line' id='line_1_17' title="bbox 186 2948 1384 3042; baseline 0.001 -22"><span class='ocrx_word' id='word_1_94' title='bbox 186 2949 360 3021; x_wconf 89' lang='lat' dir='ltr'>brevibus</span> <span class='ocrx_word' id='word_1_95' title='bbox 399 2949 571 3038; x_wconf 69' lang='lat' dir='ltr'>arcuatis</span> <span class='ocrx_word' id='word_1_96' title='bbox 620 2951 768 3042; x_wconf 78' lang='lat' dir='ltr'>punctis</span> <span class='ocrx_word' id='word_1_97' title='bbox 807 2954 844 3023; x_wconf 90' lang='lat' dir='ltr'>et</span> <span class='ocrx_word' id='word_1_98' title='bbox 880 2949 1036 3022; x_wconf 85' lang='lat' dir='ltr'>maculis</span> <span class='ocrx_word' id='word_1_99' title='bbox 1074 2948 1185 3040; x_wconf 90' lang='lat' dir='ltr'>pullis</span> <span class='ocrx_word' id='word_1_100' title='bbox 1225 2948 1384 3039; x_wconf 85' lang='lat' dir='ltr'>signata,</span> 
     </span>
     <span class='ocr_line' id='line_1_18' title="bbox 188 3076 1387 3169; baseline -0.001 -21"><span class='ocrx_word' id='word_1_101' title='bbox 188 3077 315 3149; x_wconf 89' lang='lat' dir='ltr'>odoris</span> <span class='ocrx_word' id='word_1_102' title='bbox 361 3077 558 3169; x_wconf 83' lang='lat' dir='ltr'>peculiaris</span> <span class='ocrx_word' id='word_1_103' title='bbox 607 3079 750 3167; x_wconf 87' lang='lat' dir='ltr'>debilis,</span> <span class='ocrx_word' id='word_1_104' title='bbox 808 3078 953 3169; x_wconf 90' lang='lat' dir='ltr'>saporis</span> <span class='ocrx_word' id='word_1_105' title='bbox 1006 3077 1108 3148; x_wconf 88' lang='lat' dir='ltr'>initio</span> <span class='ocrx_word' id='word_1_106' title='bbox 1157 3076 1387 3166; x_wconf 83' lang='lat' dir='ltr'>dulciuseuli‚</span> 
     </span>
     <span class='ocr_line' id='line_1_19' title="bbox 187 3203 1160 3293; baseline -0.003 -16"><span class='ocrx_word' id='word_1_107' title='bbox 187 3205 377 3292; x_wconf 87' lang='lat' dir='ltr'>nauseosi,</span> <span class='ocrx_word' id='word_1_108' title='bbox 401 3205 534 3277; x_wconf 90' lang='lat' dir='ltr'>deinde</span> <span class='ocrx_word' id='word_1_109' title='bbox 555 3205 662 3293; x_wconf 69' lang='lat' dir='ltr'>aeris</span> <span class='ocrx_word' id='word_1_110' title='bbox 684 3206 856 3278; x_wconf 82' lang='lat' dir='ltr'>saucibus</span> <span class='ocrx_word' id='word_1_111' title='bbox 877 3205 939 3277; x_wconf 92' lang='lat' dir='ltr'>diu</span> <span class='ocrx_word' id='word_1_112' title='bbox 960 3203 1160 3276; x_wconf 81' lang='lat' dir='ltr'>haerentis,</span> 
     </span>
    </p>

    <p class='ocr_par' dir='ltr' id='par_1_6' title="bbox 184 3331 1386 4299">
     <span class='ocr_line' id='line_1_20' title="bbox 295 3331 1383 3425; baseline -0.002 -21"><span class='ocrx_word' id='word_1_113' title='bbox 295 3332 540 3425; x_wconf 84' lang='lat' dir='ltr'>Microseopio</span> <span class='ocrx_word' id='word_1_114' title='bbox 562 3334 753 3424; x_wconf 83' lang='lat' dir='ltr'>explorata</span> <span class='ocrx_word' id='word_1_115' title='bbox 772 3332 878 3404; x_wconf 82' lang='lat' dir='ltr'>radix</span> <span class='ocrx_word' id='word_1_116' title='bbox 902 3333 1038 3423; x_wconf 91' lang='lat' dir='ltr'>probat</span> <span class='ocrx_word' id='word_1_117' title='bbox 1055 3331 1207 3422; x_wconf 88' lang='lat' dir='ltr'>lignum,</span> <span class='ocrx_word' id='word_1_118' title='bbox 1234 3352 1383 3423; x_wconf 84' lang='lat' dir='ltr'>compo-</span> 
     </span>
     <span class='ocr_line' id='line_1_21' title="bbox 188 3459 1385 3553; baseline -0.003 -21"><span class='ocrx_word' id='word_1_119' title='bbox 188 3461 301 3532; x_wconf 89' lang='lat' dir='ltr'>situm</span> <span class='ocrx_word' id='word_1_120' title='bbox 318 3460 481 3532; x_wconf 84' lang='lat' dir='ltr'>maxima</span> <span class='ocrx_word' id='word_1_121' title='bbox 496 3464 659 3552; x_wconf 83' lang='lat' dir='ltr'>exparte</span> <span class='ocrx_word' id='word_1_122' title='bbox 677 3482 697 3533; x_wconf 93' lang='lat' dir='ltr'>e</span> <span class='ocrx_word' id='word_1_123' title='bbox 712 3461 1012 3553; x_wconf 84' lang='lat' dir='ltr'>parenehymate‚</span> <span class='ocrx_word' id='word_1_124' title='bbox 1034 3459 1157 3550; x_wconf 89' lang='lat' dir='ltr'>amylo</span> <span class='ocrx_word' id='word_1_125' title='bbox 1179 3459 1385 3550; x_wconf 87' lang='lat' dir='ltr'>composito</span> 
     </span>
     <span class='ocr_line' id='line_1_22' title="bbox 187 3586 1386 3679; baseline 0 -21"><span class='ocrx_word' id='word_1_126' title='bbox 187 3587 279 3675; x_wconf 84' lang='lat' dir='ltr'>set0‚</span> <span class='ocrx_word' id='word_1_127' title='bbox 333 3587 644 3678; x_wconf 84' lang='lat' dir='ltr'>frequentissimis</span> <span class='ocrx_word' id='word_1_128' title='bbox 690 3588 829 3660; x_wconf 82' lang='lat' dir='ltr'>cellulis</span> <span class='ocrx_word' id='word_1_129' title='bbox 881 3587 1077 3679; x_wconf 80' lang='lat' dir='ltr'>crystallos</span> <span class='ocrx_word' id='word_1_130' title='bbox 1116 3586 1218 3658; x_wconf 89' lang='lat' dir='ltr'>ealeii</span> <span class='ocrx_word' id='word_1_131' title='bbox 1256 3586 1386 3658; x_wconf 84' lang='lat' dir='ltr'>oxalioi</span> 
     </span>
     <span class='ocr_line' id='line_1_23' title="bbox 187 3714 1383 3806; baseline -0.003 -18"><span class='ocrx_word' id='word_1_132' title='bbox 187 3715 354 3788; x_wconf 87' lang='lat' dir='ltr'>stellatas</span> <span class='ocrx_word' id='word_1_133' title='bbox 383 3715 598 3806; x_wconf 87' lang='lat' dir='ltr'>gerentibus</span> <span class='ocrx_word' id='word_1_134' title='bbox 628 3715 869 3806; x_wconf 88' lang='lat' dir='ltr'>utriculisque</span> <span class='ocrx_word' id='word_1_135' title='bbox 896 3714 1216 3787; x_wconf 87' lang='lat' dir='ltr'>numerosissimis</span> <span class='ocrx_word' id='word_1_136' title='bbox 1254 3714 1383 3786; x_wconf 91' lang='lat' dir='ltr'>resini-</span> 
     </span>
     <span class='ocr_line' id='line_1_24' title="bbox 186 3842 1380 3934; baseline 0 -20"><span class='ocrx_word' id='word_1_137' title='bbox 186 3842 284 3930; x_wconf 77' lang='lat' dir='ltr'>feriS,</span> <span class='ocrx_word' id='word_1_138' title='bbox 304 3864 370 3933; x_wconf 90' lang='lat' dir='ltr'>per</span> <span class='ocrx_word' id='word_1_139' title='bbox 389 3842 658 3934; x_wconf 86' lang='lat' dir='ltr'>longitudinem</span> <span class='ocrx_word' id='word_1_140' title='bbox 679 3842 965 3914; x_wconf 83' lang='lat' dir='ltr'>cohaerentibus</span> <span class='ocrx_word' id='word_1_141' title='bbox 986 3848 1022 3914; x_wconf 91' lang='lat' dir='ltr'>et</span> <span class='ocrx_word' id='word_1_142' title='bbox 1040 3842 1175 3934; x_wconf 91' lang='lat' dir='ltr'>partim</span> <span class='ocrx_word' id='word_1_143' title='bbox 1195 3843 1380 3914; x_wconf 85' lang='lat' dir='ltr'>conlluen-</span> 
     </span>
     <span class='ocr_line' id='line_1_25' title="bbox 185 3969 1384 4061; baseline -0.001 -18"><span class='ocrx_word' id='word_1_144' title='bbox 185 3970 297 4058; x_wconf 82' lang='lat' dir='ltr'>tibus,</span> <span class='ocrx_word' id='word_1_145' title='bbox 327 3971 523 4042; x_wconf 84' lang='lat' dir='ltr'>includens</span> <span class='ocrx_word' id='word_1_146' title='bbox 552 3970 751 4042; x_wconf 86' lang='lat' dir='ltr'>saseieulos</span> <span class='ocrx_word' id='word_1_147' title='bbox 781 3969 867 4061; x_wconf 82' lang='lat' dir='ltr'>ligni</span> <span class='ocrx_word' id='word_1_148' title='bbox 893 3969 1006 4061; x_wconf 85' lang='lat' dir='ltr'>paulo</span> <span class='ocrx_word' id='word_1_149' title='bbox 1027 3970 1185 4061; x_wconf 79' lang='lat' dir='ltr'>amploS,</span> <span class='ocrx_word' id='word_1_150' title='bbox 1214 3970 1384 4042; x_wconf 86' lang='lat' dir='ltr'>radiatim</span> 
     </span>
     <span class='ocr_line' id='line_1_26' title="bbox 187 4097 1382 4190; baseline 0.002 -22"><span class='ocrx_word' id='word_1_151' title='bbox 187 4097 390 4189; x_wconf 88' lang='lat' dir='ltr'>dispositos</span> <span class='ocrx_word' id='word_1_152' title='bbox 415 4103 451 4171; x_wconf 91' lang='lat' dir='ltr'>et</span> <span class='ocrx_word' id='word_1_153' title='bbox 477 4098 725 4190; x_wconf 86' lang='lat' dir='ltr'>interruptum</span> <span class='ocrx_word' id='word_1_154' title='bbox 745 4097 871 4170; x_wconf 91' lang='lat' dir='ltr'>stratis</span> <span class='ocrx_word' id='word_1_155' title='bbox 892 4097 1134 4169; x_wconf 87' lang='lat' dir='ltr'>concentrieis</span> <span class='ocrx_word' id='word_1_156' title='bbox 1169 4098 1262 4169; x_wconf 92' lang='lat' dir='ltr'>telae</span> <span class='ocrx_word' id='word_1_157' title='bbox 1284 4120 1382 4170; x_wconf 87' lang='lat' dir='ltr'>cam-</span> 
     </span>
     <span class='ocr_line' id='line_1_27' title="bbox 184 4226 803 4299; baseline -0.003 0"><span class='ocrx_word' id='word_1_158' title='bbox 184 4226 303 4299; x_wconf 91' lang='lat' dir='ltr'>bialis.</span> <span class='ocrx_word' id='word_1_159' title='bbox 800 4229 803 4237; x_wconf 72' lang='grc'>“</span> 
     </span>
    </p>

    <p class='ocr_par' dir='ltr' id='par_1_7' title="bbox 186 4353 1382 4572">
     <span class='ocr_line' id='line_1_28' title="bbox 297 4353 1382 4444; baseline 0 -18"><span class='ocrx_word' id='word_1_160' title='bbox 297 4353 494 4427; x_wconf 89' lang='lat' dir='ltr'>Contineat</span> <span class='ocrx_word' id='word_1_161' title='bbox 512 4354 617 4426; x_wconf 86' lang='lat' dir='ltr'>radix</span> <span class='ocrx_word' id='word_1_162' title='bbox 636 4353 830 4426; x_wconf 91' lang='lat' dir='ltr'>minimum</span> <span class='ocrx_word' id='word_1_163' title='bbox 850 4353 887 4425; x_wconf 91' lang='lat' dir='ltr'>in</span> <span class='ocrx_word' id='word_1_164' title='bbox 904 4358 1053 4425; x_wconf 86' lang='lat' dir='ltr'>eentum</span> <span class='ocrx_word' id='word_1_165' title='bbox 1070 4354 1238 4444; x_wconf 89' lang='lat' dir='ltr'>partibus</span> <span class='ocrx_word' id='word_1_166' title='bbox 1255 4354 1382 4426; x_wconf 86' lang='lat' dir='ltr'>decem</span> 
     </span>
     <span class='ocr_line' id='line_1_29' title="bbox 186 4480 1067 4572; baseline -0.003 -19"><span class='ocrx_word' id='word_1_167' title='bbox 186 4485 312 4572; x_wconf 87' lang='lat' dir='ltr'>partes</span> <span class='ocrx_word' id='word_1_168' title='bbox 332 4483 478 4555; x_wconf 90' lang='lat' dir='ltr'>resinae</span> <span class='ocrx_word' id='word_1_169' title='bbox 497 4482 536 4554; x_wconf 92' lang='lat' dir='ltr'>in</span> <span class='ocrx_word' id='word_1_170' title='bbox 556 4481 707 4554; x_wconf 88' lang='lat' dir='ltr'>aethere</span> <span class='ocrx_word' id='word_1_171' title='bbox 735 4503 866 4572; x_wconf 92' lang='lat' dir='ltr'>parum</span> <span class='ocrx_word' id='word_1_172' title='bbox 887 4480 1067 4552; x_wconf 91' lang='lat' dir='ltr'>solubilis.</span> 
     </span>
    </p>

    <p class='ocr_par' dir='ltr' id='par_1_8' title="bbox 185 4607 1384 4829">
     <span class='ocr_line' id='line_1_30' title="bbox 295 4607 1384 4700; baseline 0.002 -20"><span class='ocrx_word' id='word_1_173' title='bbox 295 4607 512 4700; x_wconf 84' lang='lat' dir='ltr'>Rejioienda</span> <span class='ocrx_word' id='word_1_174' title='bbox 530 4609 664 4683; x_wconf 89' lang='lat' dir='ltr'>tubera</span> <span class='ocrx_word' id='word_1_175' title='bbox 682 4607 841 4696; x_wconf 83' lang='lat' dir='ltr'>mucida,</span> <span class='ocrx_word' id='word_1_176' title='bbox 863 4607 1017 4696; x_wconf 85' lang='lat' dir='ltr'>cariosa,</span> <span class='ocrx_word' id='word_1_177' title='bbox 1041 4607 1229 4696; x_wconf 81' lang='lat' dir='ltr'>amieria,</span> <span class='ocrx_word' id='word_1_178' title='bbox 1248 4609 1384 4699; x_wconf 87' lang='lat' dir='ltr'>mollia,</span> 
     </span>
     <span class='ocr_line' id='line_1_31' title="bbox 185 4734 1382 4829; baseline 0.002 -23"><span class='ocrx_word' id='word_1_179' title='bbox 185 4734 286 4808; x_wconf 90' lang='lat' dir='ltr'>intus</span> <span class='ocrx_word' id='word_1_180' title='bbox 327 4736 501 4824; x_wconf 84' lang='lat' dir='ltr'>farinosa,</span> <span class='ocrx_word' id='word_1_181' title='bbox 540 4737 766 4809; x_wconf 86' lang='lat' dir='ltr'>extractione</span> <span class='ocrx_word' id='word_1_182' title='bbox 806 4735 936 4828; x_wconf 89' lang='lat' dir='ltr'>spiritu</span> <span class='ocrx_word' id='word_1_183' title='bbox 974 4735 1049 4806; x_wconf 87' lang='lat' dir='ltr'>vini</span> <span class='ocrx_word' id='word_1_184' title='bbox 1085 4735 1211 4808; x_wconf 85' lang='lat' dir='ltr'>resina</span> <span class='ocrx_word' id='word_1_185' title='bbox 1249 4739 1382 4829; x_wconf 88' lang='lat' dir='ltr'>partim</span> 
     </span>
    </p>
   </div>
   <div class='ocr_carea' id='block_1_5' title="bbox 239 4875 1165 4947">
    <p class='ocr_par' dir='ltr' id='par_1_9' title="bbox 239 4875 1165 4947">
     <span class='ocr_line' id='line_1_32' title="bbox 239 4875 1165 4947; baseline -0.006 -13"><span class='ocrx_word' id='word_1_186' title='bbox 239 4890 434 4947; x_wconf 74' lang='lat' dir='ltr'>Pharmaeoposs.</span> <span class='ocrx_word' id='word_1_187' title='bbox 1132 4875 1165 4928; x_wconf 83' lang='grc'>15</span> 
     </span>
    </p>
   </div>
   <div class='ocr_carea' id='block_1_6' title="bbox 0 0 1792 5454">
    <p class='ocr_par' dir='ltr' id='par_1_10' title="bbox 0 0 1792 5454">
     <span class='ocr_line' id='line_1_33' title="bbox 0 0 1792 5454; baseline 0 1"><span class='ocrx_word' id='word_1_188' title='bbox 0 0 1792 5454; x_wconf 95' lang='lat' dir='ltr'> </span> 
     </span>
    </p>
   </div>
  </div>
 </body>
</html>
