<?xml version="1.0" encoding="UTF-8"?>
<!DOCTYPE html PUBLIC "-//W3C//DTD XHTML 1.0 Transitional//EN"
    "http://www.w3.org/TR/xhtml1/DTD/xhtml1-transitional.dtd">
<html xmlns="http://www.w3.org/1999/xhtml" xml:lang="en" lang="en">
 <head>
  <title>
</title>
<meta http-equiv="Content-Type" content="text/html;charset=utf-8" />
  <meta name='ocr-system' content='tesseract 3.04.00' />
  <meta name='ocr-capabilities' content='ocr_page ocr_carea ocr_par ocr_line ocrx_word'/>
</head>
<body>
  <div class='ocr_page' id='page_1' title='image "./pharmacopoeaaus00unkngoog_0095.png"; bbox 0 0 3502 5454; ppageno 0'>
   <div class='ocr_carea' id='block_1_1' title="bbox 926 504 1138 576">
    <p class='ocr_par' dir='ltr' id='par_1_1' title="bbox 926 504 1138 576">
     <span class='ocr_line' id='line_1_1' title="bbox 926 504 1138 576; baseline -0.009 -20"><span class='ocrx_word' id='word_1_1' title='bbox 926 504 1138 576; x_wconf 72' lang='grc'><strong>-68-</strong></span> 
     </span>
    </p>
   </div>
   <div class='ocr_carea' id='block_1_2' title="bbox 433 719 1635 1330">
    <p class='ocr_par' dir='ltr' id='par_1_2' title="bbox 433 719 1635 1330">
     <span class='ocr_line' id='line_1_2' title="bbox 434 719 1635 814; baseline -0.002 -22"><span class='ocrx_word' id='word_1_2' title='bbox 434 723 559 814; x_wconf 85' lang='lat' dir='ltr'>ampli,</span> <span class='ocrx_word' id='word_1_3' title='bbox 595 745 712 797; x_wconf 91' lang='lat' dir='ltr'>anam</span> <span class='ocrx_word' id='word_1_4' title='bbox 743 727 792 798; x_wconf 91' lang='lat' dir='ltr'>ad</span> <span class='ocrx_word' id='word_1_5' title='bbox 825 727 898 800; x_wconf 87' lang='lat' dir='ltr'>tria</span> <span class='ocrx_word' id='word_1_6' title='bbox 931 719 1143 793; x_wconf 88' lang='lat' dir='ltr'>millimetra</span> <span class='ocrx_word' id='word_1_7' title='bbox 1180 719 1307 806; x_wconf 89' lang='lat' dir='ltr'>crassi,</span> <span class='ocrx_word' id='word_1_8' title='bbox 1343 720 1436 807; x_wconf 91' lang='lat' dir='ltr'>duri,</span> <span class='ocrx_word' id='word_1_9' title='bbox 1471 719 1635 812; x_wconf 77' lang='lat' dir='ltr'>lbagiles</span> 
     </span>
     <span class='ocr_line' id='line_1_3' title="bbox 433 846 1635 944; baseline 0.001 -25"><span class='ocrx_word' id='word_1_10' title='bbox 433 848 596 923; x_wconf 83' lang='lat' dir='ltr'>fractura</span> <span class='ocrx_word' id='word_1_11' title='bbox 625 853 783 944; x_wconf 87' lang='lat' dir='ltr'>aequali,</span> <span class='ocrx_word' id='word_1_12' title='bbox 814 852 948 926; x_wconf 89' lang='lat' dir='ltr'>coloris</span> <span class='ocrx_word' id='word_1_13' title='bbox 976 847 1213 935; x_wconf 89' lang='lat' dir='ltr'>rubro-lusci,</span> <span class='ocrx_word' id='word_1_14' title='bbox 1251 846 1368 939; x_wconf 82' lang='lat' dir='ltr'>opaci,</span> <span class='ocrx_word' id='word_1_15' title='bbox 1398 847 1635 920; x_wconf 86' lang='lat' dir='ltr'>extrinsecus</span> 
     </span>
     <span class='ocr_line' id='line_1_4' title="bbox 436 975 1635 1073; baseline -0.002 -24"><span class='ocrx_word' id='word_1_16' title='bbox 436 977 657 1072; x_wconf 90' lang='lat' dir='ltr'>plerumque</span> <span class='ocrx_word' id='word_1_17' title='bbox 690 981 834 1073; x_wconf 91' lang='lat' dir='ltr'>passim</span> <span class='ocrx_word' id='word_1_18' title='bbox 865 979 1025 1055; x_wconf 87' lang='lat' dir='ltr'>residuis</span> <span class='ocrx_word' id='word_1_19' title='bbox 1054 975 1314 1070; x_wconf 89' lang='lat' dir='ltr'>peridermatis</span> <span class='ocrx_word' id='word_1_20' title='bbox 1344 975 1466 1067; x_wconf 82' lang='lat' dir='ltr'>grisei,</span> <span class='ocrx_word' id='word_1_21' title='bbox 1505 975 1635 1049; x_wconf 84' lang='lat' dir='ltr'>odoris</span> 
     </span>
     <span class='ocr_line' id='line_1_5' title="bbox 436 1101 1634 1201; baseline 0 -24"><span class='ocrx_word' id='word_1_22' title='bbox 436 1106 636 1197; x_wconf 83' lang='lat' dir='ltr'>peculiaris</span> <span class='ocrx_word' id='word_1_23' title='bbox 657 1115 760 1201; x_wconf 83' lang='lat' dir='ltr'>grate</span> <span class='ocrx_word' id='word_1_24' title='bbox 791 1109 993 1196; x_wconf 81' lang='lat' dir='ltr'>aromatici,</span> <span class='ocrx_word' id='word_1_25' title='bbox 1028 1101 1177 1198; x_wconf 90' lang='lat' dir='ltr'>saporis</span> <span class='ocrx_word' id='word_1_26' title='bbox 1198 1103 1293 1177; x_wconf 90' lang='lat' dir='ltr'>acris</span> <span class='ocrx_word' id='word_1_27' title='bbox 1312 1104 1514 1192; x_wconf 81' lang='lat' dir='ltr'>aromatici,</span> <span class='ocrx_word' id='word_1_28' title='bbox 1546 1105 1634 1177; x_wconf 89' lang='lat' dir='ltr'>sub-</span> 
     </span>
     <span class='ocr_line' id='line_1_6' title="bbox 435 1231 1413 1330; baseline -0.001 -26"><span class='ocrx_word' id='word_1_29' title='bbox 435 1231 553 1306; x_wconf 89' lang='lat' dir='ltr'>dulcis</span> <span class='ocrx_word' id='word_1_30' title='bbox 576 1241 612 1306; x_wconf 87' lang='lat' dir='ltr'>et</span> <span class='ocrx_word' id='word_1_31' title='bbox 632 1236 910 1330; x_wconf 78' lang='lat' dir='ltr'>adstringentis,</span> <span class='ocrx_word' id='word_1_32' title='bbox 930 1240 1121 1330; x_wconf 89' lang='lat' dir='ltr'>postremo</span> <span class='ocrx_word' id='word_1_33' title='bbox 1141 1231 1413 1323; x_wconf 86' lang='lat' dir='ltr'>mucilaginasi.</span> 
     </span>
    </p>
   </div>
   <div class='ocr_carea' id='block_1_3' title="bbox 427 1375 1643 2762">
    <p class='ocr_par' dir='ltr' id='par_1_3' title="bbox 431 1375 1638 2108">
     <span class='ocr_line' id='line_1_7' title="bbox 544 1375 1637 1474; baseline -0.005 -22"><span class='ocrx_word' id='word_1_34' title='bbox 544 1378 625 1472; x_wconf 88' lang='lat' dir='ltr'>Ope</span> <span class='ocrx_word' id='word_1_35' title='bbox 644 1381 880 1474; x_wconf 91' lang='lat' dir='ltr'>microscopii</span> <span class='ocrx_word' id='word_1_36' title='bbox 899 1380 1068 1474; x_wconf 89' lang='lat' dir='ltr'>inprimis</span> <span class='ocrx_word' id='word_1_37' title='bbox 1094 1376 1313 1450; x_wconf 85' lang='lat' dir='ltr'>observabis</span> <span class='ocrx_word' id='word_1_38' title='bbox 1340 1375 1378 1448; x_wconf 92' lang='lat' dir='ltr'>in</span> <span class='ocrx_word' id='word_1_39' title='bbox 1403 1377 1477 1449; x_wconf 91' lang='lat' dir='ltr'>tela</span> <span class='ocrx_word' id='word_1_40' title='bbox 1501 1377 1637 1450; x_wconf 89' lang='lat' dir='ltr'>intima</span> 
     </span>
     <span class='ocr_line' id='line_1_8' title="bbox 434 1503 1635 1598; baseline 0 -22"><span class='ocrx_word' id='word_1_41' title='bbox 434 1505 671 1598; x_wconf 86' lang='lat' dir='ltr'>mesophloei</span> <span class='ocrx_word' id='word_1_42' title='bbox 692 1512 852 1581; x_wconf 89' lang='lat' dir='ltr'>stratum</span> <span class='ocrx_word' id='word_1_43' title='bbox 871 1508 974 1581; x_wconf 90' lang='lat' dir='ltr'>haud</span> <span class='ocrx_word' id='word_1_44' title='bbox 1000 1505 1219 1580; x_wconf 90' lang='lat' dir='ltr'>continuum</span> <span class='ocrx_word' id='word_1_45' title='bbox 1248 1525 1268 1576; x_wconf 92' lang='lat' dir='ltr'>e</span> <span class='ocrx_word' id='word_1_46' title='bbox 1298 1503 1439 1576; x_wconf 89' lang='lat' dir='ltr'>cellulis</span> <span class='ocrx_word' id='word_1_47' title='bbox 1468 1504 1635 1578; x_wconf 90' lang='lat' dir='ltr'>scleren-</span> 
     </span>
     <span class='ocr_line' id='line_1_9' title="bbox 433 1632 1635 1724; baseline -0.001 -19"><span class='ocrx_word' id='word_1_48' title='bbox 433 1633 662 1724; x_wconf 80' lang='lat' dir='ltr'>chymaticiS,</span> <span class='ocrx_word' id='word_1_49' title='bbox 683 1634 797 1709; x_wconf 87' lang='lat' dir='ltr'>libras</span> <span class='ocrx_word' id='word_1_50' title='bbox 812 1635 1039 1724; x_wconf 73' lang='lat' dir='ltr'>luciformes,</span> <span class='ocrx_word' id='word_1_51' title='bbox 1059 1639 1202 1720; x_wconf 72' lang='lat' dir='ltr'>tenues</span> <span class='ocrx_word' id='word_1_52' title='bbox 1222 1632 1358 1720; x_wconf 87' lang='lat' dir='ltr'>laeves,</span> <span class='ocrx_word' id='word_1_53' title='bbox 1379 1632 1565 1724; x_wconf 89' lang='lat' dir='ltr'>complete</span> <span class='ocrx_word' id='word_1_54' title='bbox 1580 1633 1635 1704; x_wconf 90' lang='lat' dir='ltr'>in-</span> 
     </span>
     <span class='ocr_line' id='line_1_10' title="bbox 433 1757 1637 1855; baseline -0.001 -22"><span class='ocrx_word' id='word_1_55' title='bbox 433 1765 637 1851; x_wconf 72' lang='lat' dir='ltr'>crassatas</span> <span class='ocrx_word' id='word_1_56' title='bbox 664 1783 732 1855; x_wconf 89' lang='lat' dir='ltr'>per</span> <span class='ocrx_word' id='word_1_57' title='bbox 756 1761 892 1835; x_wconf 89' lang='lat' dir='ltr'>librum</span> <span class='ocrx_word' id='word_1_58' title='bbox 928 1763 1104 1836; x_wconf 91' lang='lat' dir='ltr'>radiatim</span> <span class='ocrx_word' id='word_1_59' title='bbox 1140 1759 1342 1852; x_wconf 75' lang='lat' dir='ltr'>dispersae,</span> <span class='ocrx_word' id='word_1_60' title='bbox 1376 1757 1637 1850; x_wconf 89' lang='lat' dir='ltr'>utriculosque</span> 
     </span>
     <span class='ocr_line' id='line_1_11' title="bbox 433 1886 1638 1981; baseline 0.002 -23"><span class='ocrx_word' id='word_1_61' title='bbox 433 1887 609 1979; x_wconf 90' lang='lat' dir='ltr'>copiosos</span> <span class='ocrx_word' id='word_1_62' title='bbox 648 1895 684 1962; x_wconf 92' lang='lat' dir='ltr'>et</span> <span class='ocrx_word' id='word_1_63' title='bbox 721 1889 945 1981; x_wconf 85' lang='lat' dir='ltr'>mucilagine</span> <span class='ocrx_word' id='word_1_64' title='bbox 984 1895 1021 1962; x_wconf 89' lang='lat' dir='ltr'>et</span> <span class='ocrx_word' id='word_1_65' title='bbox 1059 1888 1141 1961; x_wconf 90' lang='lat' dir='ltr'>olea</span> <span class='ocrx_word' id='word_1_66' title='bbox 1180 1886 1357 1959; x_wconf 87' lang='lat' dir='ltr'>aethereo</span> <span class='ocrx_word' id='word_1_67' title='bbox 1395 1886 1560 1978; x_wconf 87' lang='lat' dir='ltr'>repletos</span> <span class='ocrx_word' id='word_1_68' title='bbox 1600 1887 1638 1960; x_wconf 92' lang='lat' dir='ltr'>in</span> 
     </span>
     <span class='ocr_line' id='line_1_12' title="bbox 431 2015 1365 2108; baseline 0.001 -23"><span class='ocrx_word' id='word_1_69' title='bbox 431 2015 724 2107; x_wconf 89' lang='lat' dir='ltr'>pareuchymate</span> <span class='ocrx_word' id='word_1_70' title='bbox 745 2017 912 2108; x_wconf 91' lang='lat' dir='ltr'>amylum</span> <span class='ocrx_word' id='word_1_71' title='bbox 933 2015 1184 2108; x_wconf 87' lang='lat' dir='ltr'>compositum</span> <span class='ocrx_word' id='word_1_72' title='bbox 1204 2017 1365 2106; x_wconf 85' lang='lat' dir='ltr'>gerente.</span> 
     </span>
    </p>

    <p class='ocr_par' dir='ltr' id='par_1_4' title="bbox 427 2158 1643 2762">
     <span class='ocr_line' id='line_1_13' title="bbox 542 2158 1639 2256; baseline 0 -26"><span class='ocrx_word' id='word_1_73' title='bbox 542 2159 651 2254; x_wconf 83' lang='lat' dir='ltr'>Aqua</span> <span class='ocrx_word' id='word_1_74' title='bbox 695 2158 919 2233; x_wconf 82' lang='lat' dir='ltr'>Giuuamami</span> <span class='ocrx_word' id='word_1_75' title='bbox 955 2160 1098 2256; x_wconf 71' lang='lat' dir='ltr'>simplas</span> <span class='ocrx_word' id='word_1_76' title='bbox 1135 2165 1165 2230; x_wconf 88' lang='lat' dir='ltr'>et</span> <span class='ocrx_word' id='word_1_77' title='bbox 1209 2159 1411 2254; x_wconf 85' lang='lat' dir='ltr'>spirituasa.</span> <span class='ocrx_word' id='word_1_78' title='bbox 1461 2158 1639 2256; x_wconf 80' lang='lat' dir='ltr'>Syrupus.</span> 
     </span>
     <span class='ocr_line' id='line_1_14' title="bbox 436 2283 1639 2382; baseline 0.003 -28"><span class='ocrx_word' id='word_1_79' title='bbox 436 2283 616 2358; x_wconf 79' lang='lat' dir='ltr'>Tinctura.</span> <span class='ocrx_word' id='word_1_80' title='bbox 656 2291 765 2381; x_wconf 85' lang='lat' dir='ltr'>Aqua</span> <span class='ocrx_word' id='word_1_81' title='bbox 804 2287 996 2360; x_wconf 85' lang='lat' dir='ltr'>aromatica</span> <span class='ocrx_word' id='word_1_82' title='bbox 1034 2287 1235 2382; x_wconf 87' lang='lat' dir='ltr'>spirituasa.</span> <span class='ocrx_word' id='word_1_83' title='bbox 1285 2283 1468 2358; x_wconf 76' lang='lat' dir='ltr'>Decretum</span> <span class='ocrx_word' id='word_1_84' title='bbox 1507 2283 1639 2359; x_wconf 85' lang='lat' dir='ltr'>Sarac·</span> 
     </span>
     <span class='ocr_line' id='line_1_15' title="bbox 427 2411 1638 2508; baseline 0.001 -25"><span class='ocrx_word' id='word_1_85' title='bbox 427 2411 583 2506; x_wconf 82' lang='lat' dir='ltr'>pariltae</span> <span class='ocrx_word' id='word_1_86' title='bbox 634 2413 857 2508; x_wconf 79' lang='lat' dir='ltr'>canapasitum</span> <span class='ocrx_word' id='word_1_87' title='bbox 910 2413 1042 2486; x_wconf 87' lang='lat' dir='ltr'>mitius.</span> <span class='ocrx_word' id='word_1_88' title='bbox 1099 2413 1338 2486; x_wconf 82' lang='lat' dir='ltr'>Electuariuur</span> <span class='ocrx_word' id='word_1_89' title='bbox 1386 2413 1638 2485; x_wconf 75' lang='lat' dir='ltr'>aromotisans.</span> 
     </span>
     <span class='ocr_line' id='line_1_16' title="bbox 432 2537 1643 2637; baseline 0 -27"><span class='ocrx_word' id='word_1_90' title='bbox 432 2537 566 2633; x_wconf 82' lang='lat' dir='ltr'>Species</span> <span class='ocrx_word' id='word_1_91' title='bbox 584 2541 828 2613; x_wconf 78' lang='lat' dir='ltr'>amaricantes.</span> <span class='ocrx_word' id='word_1_92' title='bbox 851 2539 1009 2637; x_wconf 78' lang='lat' dir='ltr'>Spiritus</span> <span class='ocrx_word' id='word_1_93' title='bbox 1023 2539 1242 2613; x_wconf 85' lang='lat' dir='ltr'>aromaticus.</span> <span class='ocrx_word' id='word_1_94' title='bbox 1269 2541 1437 2614; x_wconf 83' lang='lat' dir='ltr'>Tiuctura</span> <span class='ocrx_word' id='word_1_95' title='bbox 1452 2539 1643 2612; x_wconf 83' lang='lat' dir='ltr'>Absiutlrii</span> 
     </span>
     <span class='ocr_line' id='line_1_17' title="bbox 431 2666 628 2762; baseline -0.005 -24"><span class='ocrx_word' id='word_1_96' title='bbox 431 2666 628 2762; x_wconf 84' lang='lat' dir='ltr'>composita.</span> 
     </span>
    </p>
   </div>
   <div class='ocr_carea' id='block_1_4' title="bbox 731 3004 1336 3151">
    <p class='ocr_par' dir='ltr' id='par_1_5' title="bbox 731 3004 1336 3151">
     <span class='ocr_line' id='line_1_18' title="bbox 731 3004 1336 3151; baseline 0.01 -36"><span class='ocrx_word' id='word_1_97' title='bbox 731 3004 926 3116; x_wconf 76' lang='lat' dir='ltr'>Cortex</span> <span class='ocrx_word' id='word_1_98' title='bbox 953 3005 1336 3151; x_wconf 78' lang='lat' dir='ltr'>banuurango.</span> 
     </span>
    </p>
   </div>
   <div class='ocr_carea' id='block_1_5' title="bbox 422 3227 1642 4730">
    <p class='ocr_par' dir='ltr' id='par_1_6' title="bbox 429 3227 1641 3456">
     <span class='ocr_line' id='line_1_19' title="bbox 544 3227 1641 3326; baseline -0.001 -23"><span class='ocrx_word' id='word_1_99' title='bbox 544 3229 740 3303; x_wconf 83' lang='lat' dir='ltr'>Gouolabus</span> <span class='ocrx_word' id='word_1_100' title='bbox 773 3227 1006 3326; x_wconf 78' lang='lat' dir='ltr'>Coaduranpa</span> <span class='ocrx_word' id='word_1_101' title='bbox 1043 3232 1246 3320; x_wconf 88' lang='lat' dir='ltr'>Triana,</span> <span class='ocrx_word' id='word_1_102' title='bbox 1280 3231 1403 3304; x_wconf 82' lang='lat' dir='ltr'>frutex</span> <span class='ocrx_word' id='word_1_103' title='bbox 1439 3230 1641 3304; x_wconf 83' lang='lat' dir='ltr'>scandens</span> 
     </span>
     <span class='ocr_line' id='line_1_20' title="bbox 429 3357 1420 3456; baseline 0.002 -27"><span class='ocrx_word' id='word_1_104' title='bbox 429 3357 595 3431; x_wconf 84' lang='lat' dir='ltr'>Andium</span> <span class='ocrx_word' id='word_1_105' title='bbox 614 3357 808 3432; x_wconf 79' lang='lat' dir='ltr'>Americae</span> <span class='ocrx_word' id='word_1_106' title='bbox 829 3361 1103 3452; x_wconf 88' lang='lat' dir='ltr'>aequatorialis.</span> <span class='ocrx_word' id='word_1_107' title='bbox 1125 3359 1420 3456; x_wconf 73' lang='lat' dir='ltr'>Asclepiadaaeae.</span> 
     </span>
    </p>

    <p class='ocr_par' dir='ltr' id='par_1_7' title="bbox 422 3487 1642 4730">
     <span class='ocr_line' id='line_1_21' title="bbox 543 3487 1641 3582; baseline 0 -23"><span class='ocrx_word' id='word_1_108' title='bbox 543 3487 677 3560; x_wconf 81' lang='lat' dir='ltr'>Cortex</span> <span class='ocrx_word' id='word_1_109' title='bbox 706 3488 826 3560; x_wconf 91' lang='lat' dir='ltr'>trunci</span> <span class='ocrx_word' id='word_1_110' title='bbox 863 3509 1130 3582; x_wconf 89' lang='lat' dir='ltr'>ramorumque</span> <span class='ocrx_word' id='word_1_111' title='bbox 1168 3489 1329 3563; x_wconf 90' lang='lat' dir='ltr'>siccatus</span> <span class='ocrx_word' id='word_1_112' title='bbox 1367 3508 1573 3561; x_wconf 85' lang='lat' dir='ltr'>occurrens</span> <span class='ocrx_word' id='word_1_113' title='bbox 1602 3487 1641 3558; x_wconf 91' lang='lat' dir='ltr'>in</span> 
     </span>
     <span class='ocr_line' id='line_1_22' title="bbox 430 3611 1642 3704; baseline 0.001 -19"><span class='ocrx_word' id='word_1_114' title='bbox 430 3611 557 3686; x_wconf 82' lang='lat' dir='ltr'>frustis</span> <span class='ocrx_word' id='word_1_115' title='bbox 578 3614 790 3688; x_wconf 91' lang='lat' dir='ltr'>convolutis</span> <span class='ocrx_word' id='word_1_116' title='bbox 816 3618 852 3687; x_wconf 92' lang='lat' dir='ltr'>et</span> <span class='ocrx_word' id='word_1_117' title='bbox 871 3615 1139 3704; x_wconf 89' lang='lat' dir='ltr'>canaliculatis,</span> <span class='ocrx_word' id='word_1_118' title='bbox 1167 3617 1321 3704; x_wconf 76' lang='lat' dir='ltr'>levibus</span> <span class='ocrx_word' id='word_1_119' title='bbox 1350 3637 1468 3689; x_wconf 91' lang='lat' dir='ltr'>uuum</span> <span class='ocrx_word' id='word_1_120' title='bbox 1495 3615 1544 3687; x_wconf 91' lang='lat' dir='ltr'>ad</span> <span class='ocrx_word' id='word_1_121' title='bbox 1565 3615 1642 3688; x_wconf 87' lang='lat' dir='ltr'>tria</span> 
     </span>
     <span class='ocr_line' id='line_1_23' title="bbox 431 3741 1640 3838; baseline 0.003 -26"><span class='ocrx_word' id='word_1_122' title='bbox 431 3741 649 3815; x_wconf 87' lang='lat' dir='ltr'>centimetra</span> <span class='ocrx_word' id='word_1_123' title='bbox 684 3743 779 3832; x_wconf 80' lang='lat' dir='ltr'>latia,</span> <span class='ocrx_word' id='word_1_124' title='bbox 813 3765 932 3816; x_wconf 91' lang='lat' dir='ltr'>unum</span> <span class='ocrx_word' id='word_1_125' title='bbox 966 3744 1014 3816; x_wconf 93' lang='lat' dir='ltr'>ad</span> <span class='ocrx_word' id='word_1_126' title='bbox 1049 3746 1213 3838; x_wconf 90' lang='lat' dir='ltr'>quinque</span> <span class='ocrx_word' id='word_1_127' title='bbox 1237 3743 1450 3817; x_wconf 87' lang='lat' dir='ltr'>millimetra</span> <span class='ocrx_word' id='word_1_128' title='bbox 1482 3743 1640 3832; x_wconf 72' lang='lat' dir='ltr'>crassis</span> 
     </span>
     <span class='ocr_line' id='line_1_24' title="bbox 428 3867 1640 3964; baseline 0.004 -25"><span class='ocrx_word' id='word_1_129' title='bbox 428 3867 586 3942; x_wconf 85' lang='lat' dir='ltr'>obtectis</span> <span class='ocrx_word' id='word_1_130' title='bbox 608 3871 857 3962; x_wconf 89' lang='lat' dir='ltr'>peridermate</span> <span class='ocrx_word' id='word_1_131' title='bbox 882 3871 1200 3964; x_wconf 78' lang='lat' dir='ltr'>griseo-subfusco</span> <span class='ocrx_word' id='word_1_132' title='bbox 1232 3877 1297 3945; x_wconf 87' lang='lat' dir='ltr'>aut</span> <span class='ocrx_word' id='word_1_133' title='bbox 1325 3872 1443 3960; x_wconf 89' lang='lat' dir='ltr'>fusco,</span> <span class='ocrx_word' id='word_1_134' title='bbox 1472 3870 1640 3963; x_wconf 83' lang='lat' dir='ltr'>longitu-</span> 
     </span>
     <span class='ocr_line' id='line_1_25' title="bbox 428 3995 1640 4090; baseline 0.005 -24"><span class='ocrx_word' id='word_1_135' title='bbox 428 3995 600 4069; x_wconf 87' lang='lat' dir='ltr'>dinaliter</span> <span class='ocrx_word' id='word_1_136' title='bbox 619 4020 760 4090; x_wconf 85' lang='lat' dir='ltr'>rugoso</span> <span class='ocrx_word' id='word_1_137' title='bbox 781 4003 857 4087; x_wconf 91' lang='lat' dir='ltr'>aut,</span> <span class='ocrx_word' id='word_1_138' title='bbox 877 4004 919 4073; x_wconf 92' lang='lat' dir='ltr'>ut</span> <span class='ocrx_word' id='word_1_139' title='bbox 937 4000 976 4072; x_wconf 90' lang='lat' dir='ltr'>in</span> <span class='ocrx_word' id='word_1_140' title='bbox 990 3999 1242 4088; x_wconf 75' lang='lat' dir='ltr'>validioribus</span> <span class='ocrx_word' id='word_1_141' title='bbox 1256 3997 1640 4085; x_wconf 86' lang='lat' dir='ltr'>verrucosa-rimosa,</span> 
     </span>
     <span class='ocr_line' id='line_1_26' title="bbox 427 4123 1638 4218; baseline 0.003 -23"><span class='ocrx_word' id='word_1_142' title='bbox 427 4123 709 4217; x_wconf 90' lang='lat' dir='ltr'>subsquamoso</span> <span class='ocrx_word' id='word_1_143' title='bbox 730 4125 790 4199; x_wconf 88' lang='lat' dir='ltr'>vel</span> <span class='ocrx_word' id='word_1_144' title='bbox 810 4127 1084 4216; x_wconf 87' lang='lat' dir='ltr'>subtessellato,</span> <span class='ocrx_word' id='word_1_145' title='bbox 1104 4128 1142 4200; x_wconf 93' lang='lat' dir='ltr'>in</span> <span class='ocrx_word' id='word_1_146' title='bbox 1161 4127 1276 4200; x_wconf 87' lang='lat' dir='ltr'>latere</span> <span class='ocrx_word' id='word_1_147' title='bbox 1298 4125 1472 4200; x_wconf 87' lang='lat' dir='ltr'>interiore</span> <span class='ocrx_word' id='word_1_148' title='bbox 1488 4125 1638 4218; x_wconf 82' lang='lat' dir='ltr'>griseo-</span> 
     </span>
     <span class='ocr_line' id='line_1_27' title="bbox 425 4251 1640 4345; baseline 0.004 -22"><span class='ocrx_word' id='word_1_149' title='bbox 425 4251 630 4341; x_wconf 77' lang='lat' dir='ltr'>subfusus,</span> <span class='ocrx_word' id='word_1_150' title='bbox 646 4274 777 4344; x_wconf 84' lang='lat' dir='ltr'>grosse</span> <span class='ocrx_word' id='word_1_151' title='bbox 793 4253 945 4344; x_wconf 88' lang='lat' dir='ltr'>striatis,</span> <span class='ocrx_word' id='word_1_152' title='bbox 961 4255 999 4327; x_wconf 92' lang='lat' dir='ltr'>in</span> <span class='ocrx_word' id='word_1_153' title='bbox 1014 4256 1177 4328; x_wconf 87' lang='lat' dir='ltr'>fractura</span> <span class='ocrx_word' id='word_1_154' title='bbox 1190 4253 1338 4326; x_wconf 89' lang='lat' dir='ltr'>fibrasis</span> <span class='ocrx_word' id='word_1_155' title='bbox 1348 4259 1414 4326; x_wconf 87' lang='lat' dir='ltr'>aut</span> <span class='ocrx_word' id='word_1_156' title='bbox 1424 4254 1640 4345; x_wconf 81' lang='lat' dir='ltr'>subgranu-</span> 
     </span>
     <span class='ocr_line' id='line_1_28' title="bbox 423 4377 1641 4473; baseline 0.002 -21"><span class='ocrx_word' id='word_1_157' title='bbox 423 4377 522 4467; x_wconf 87' lang='lat' dir='ltr'>latis,</span> <span class='ocrx_word' id='word_1_158' title='bbox 542 4379 581 4451; x_wconf 91' lang='lat' dir='ltr'>in</span> <span class='ocrx_word' id='word_1_159' title='bbox 600 4379 768 4454; x_wconf 89' lang='lat' dir='ltr'>sectione</span> <span class='ocrx_word' id='word_1_160' title='bbox 794 4385 1012 4454; x_wconf 89' lang='lat' dir='ltr'>transversa</span> <span class='ocrx_word' id='word_1_161' title='bbox 1041 4381 1185 4470; x_wconf 91' lang='lat' dir='ltr'>albidis,</span> <span class='ocrx_word' id='word_1_162' title='bbox 1210 4379 1370 4454; x_wconf 91' lang='lat' dir='ltr'>maculis</span> <span class='ocrx_word' id='word_1_163' title='bbox 1396 4385 1461 4455; x_wconf 90' lang='lat' dir='ltr'>aut</span> <span class='ocrx_word' id='word_1_164' title='bbox 1479 4383 1641 4473; x_wconf 90' lang='lat' dir='ltr'>punctis</span> 
     </span>
     <span class='ocr_line' id='line_1_29' title="bbox 425 4507 1642 4600; baseline 0.004 -21"><span class='ocrx_word' id='word_1_165' title='bbox 425 4507 661 4580; x_wconf 86' lang='lat' dir='ltr'>ssavo-luscis</span> <span class='ocrx_word' id='word_1_166' title='bbox 700 4507 842 4580; x_wconf 92' lang='lat' dir='ltr'>ornatis</span> <span class='ocrx_word' id='word_1_167' title='bbox 880 4512 917 4580; x_wconf 89' lang='lat' dir='ltr'>at</span> <span class='ocrx_word' id='word_1_168' title='bbox 953 4508 992 4581; x_wconf 90' lang='lat' dir='ltr'>in</span> <span class='ocrx_word' id='word_1_169' title='bbox 1030 4509 1161 4581; x_wconf 89' lang='lat' dir='ltr'>intima</span> <span class='ocrx_word' id='word_1_170' title='bbox 1197 4513 1303 4600; x_wconf 90' lang='lat' dir='ltr'>parte</span> <span class='ocrx_word' id='word_1_171' title='bbox 1343 4507 1403 4580; x_wconf 85' lang='lat' dir='ltr'>vix</span> <span class='ocrx_word' id='word_1_172' title='bbox 1431 4509 1642 4584; x_wconf 78' lang='lat' dir='ltr'>manifeste</span> 
     </span>
     <span class='ocr_line' id='line_1_30' title="bbox 422 4633 1641 4730; baseline 0.007 -26"><span class='ocrx_word' id='word_1_173' title='bbox 422 4633 596 4706; x_wconf 87' lang='lat' dir='ltr'>radiatim</span> <span class='ocrx_word' id='word_1_174' title='bbox 622 4633 774 4706; x_wconf 89' lang='lat' dir='ltr'>striatis.</span> <span class='ocrx_word' id='word_1_175' title='bbox 812 4633 892 4726; x_wconf 90' lang='lat' dir='ltr'>Ope</span> <span class='ocrx_word' id='word_1_176' title='bbox 921 4636 1152 4728; x_wconf 89' lang='lat' dir='ltr'>microscopii</span> <span class='ocrx_word' id='word_1_177' title='bbox 1182 4635 1421 4708; x_wconf 89' lang='lat' dir='ltr'>inveniuntur</span> <span class='ocrx_word' id='word_1_178' title='bbox 1450 4637 1641 4730; x_wconf 87' lang='lat' dir='ltr'>copiosae</span> 
     </span>
    </p>
   </div>
   <div class='ocr_carea' id='block_1_6' title="bbox 0 0 1756 5454">
    <p class='ocr_par' dir='ltr' id='par_1_8' title="bbox 0 0 1756 5454">
     <span class='ocr_line' id='line_1_31' title="bbox 0 0 1756 5454; baseline 0 6"><span class='ocrx_word' id='word_1_179' title='bbox 0 0 1756 5454; x_wconf 95' lang='lat' dir='ltr'> </span> 
     </span>
    </p>
   </div>
  </div>
 </body>
</html>
