3574 5454
667 571 875 641 ,37-

636 779 911 890 llxtraota.

281 1017 521 1092 Substantiae
542 1020 766 1112 plantarum,
789 1024 836 1097 ad
863 1024 1040 1098 Extracta
1066 1027 1238 1119 paranda
1262 1028 1374 1102 desti-

170 1150 292 1235 natae,
309 1167 376 1239 pro
393 1168 523 1220 earum
543 1147 674 1222 habitu
694 1156 731 1223 et
748 1156 895 1225 textura
921 1152 1085 1226 siccatae
1111 1155 1285 1229 concisae
1310 1161 1375 1229 aut

171 1278 362 1362 contusae,
390 1295 521 1366 grosse
552 1277 610 1348 vel
641 1277 826 1351 subtiliter
855 1280 1073 1372 pulveratae
1109 1282 1370 1356 adhibeantur.

281 1418 340 1493 Ad
382 1420 578 1494 efficienda
616 1428 781 1496 extracta
819 1447 964 1518 aquosa
1011 1428 1247 1502 substantiae
1295 1429 1374 1501 sive

172 1556 434 1646 maceratione,
458 1557 538 1632 sive
561 1556 770 1650 digestione
788 1553 1041 1644 subjiciantur.
1067 1555 1232 1630 Durante
1248 1576 1372 1629 mace-

171 1682 316 1755 ratione
336 1685 558 1775 vegetabilia
577 1707 625 1758 ne
644 1684 743 1756 ultra
765 1683 853 1770 b00,
875 1683 1083 1774 digestione
1108 1705 1155 1756 ne
1176 1684 1274 1756 ultra
1295 1684 1369 1757 500

173 1811 354 1884 calefiant.
384 1813 584 1886 Maceratio
609 1836 656 1886 ne
685 1811 832 1885 indies
868 1811 1119 1903 protrahatur,
1147 1831 1220 1904 quo
1250 1811 1374 1884 soluta

172 1938 211 2010 in
239 1939 566 2040 fermentationem
594 1943 742 2029 abeunt,
779 1941 858 2014 sive
887 1938 1085 2012 mucedine
1112 1938 1372 2031 corripiuntcn:

279 2065 460 2159 Liquores
501 2068 655 2161 aquosi,
701 2066 859 2158 siugulis
899 2065 1182 2158 operationibus
1223 2066 1373 2154 defluxi,

174 2194 302 2267 statim
311 2193 350 2266 in
364 2195 500 2268 balneo
517 2217 636 2289 aquae
653 2195 700 2267 ad
717 2199 889 2287 quartam
903 2192 1105 2266 voluminis
1122 2199 1266 2287 partem
1286 2216 1369 2267 eva-

173 2320 341 2411 porando
375 2321 601 2414 redigantur,
635 2327 716 2394 tum
747 2322 831 2393 loco
864 2321 996 2412 lrigido
1031 2325 1265 2413 seponantur
1291 2327 1370 2394 eta

174 2448 392 2522 substantiis
411 2470 488 2520 non
509 2449 732 2522 solubilibus
763 2449 947 2541 depositis
974 2449 1052 2522 sive
1083 2448 1371 2523 decantbatione

173 2575 251 2647 sive
281 2575 481 2649 lrltratione
510 2576 664 2663 liberati,
693 2576 789 2648 inter
817 2597 858 2648 se
887 2576 993 2648 mixti
1021 2577 1092 2648 sub
1118 2581 1369 2669 temperatura

180 2701 277 2774 1000
312 2723 390 2774 non
418 2703 623 2794 attingente
651 2705 697 2776 ad
724 2703 866 2794 justam
894 2703 1052 2776 extracti
1086 2703 1373 2776 consistentiam

175 2834 440 2923 evaporantnr.

283 2958 522 3032 Substantiae
544 2959 615 3033 ade
630 2963 776 3032 xtracta
792 2958 998 3052 spirituosa
1013 2962 1048 3029 et
1068 2957 1244 3030 aetherea
1259 2960 1372 3031 conti-

175 3086 318 3175 cienda,
351 3087 568 3179 pulveratae
599 3092 634 3159 et
668 3108 754 3160 cnm
788 3086 925 3178 exigua
953 3084 1159 3176 quantitate
1188 3087 1372 3158 menstrui

172 3213 421 3302 humectatae,
436 3213 653 3304 ingerantur
667 3215 705 3286 in
721 3218 944 3306 apparatum
964 3213 1229 3305 depulsorium,
1251 3214 1368 3285 affun-

174 3340 298 3413 dendo
341 3341 522 3414 menstrui
559 3341 808 3414 sufficientem
856 3339 1115 3433 quantitatem,
1154 3344 1196 3411 ut
1241 3361 1372 3412 massa

172 3467 318 3560 liquore
338 3472 438 3542 tecta
456 3469 513 3541 sit.
541 3469 740 3542 Maceratio
761 3473 945 3561 apparatu
966 3469 1093 3540 clauso
1119 3488 1185 3559 per
1212 3465 1370 3559 quadra-

173 3594 276 3684 ginta
291 3600 375 3667 octo
391 3596 506 3668 horas
527 3596 776 3669 continuetur.
798 3596 890 3667 Dein
909 3595 1092 3688 liquidum
1112 3593 1280 3666 defluens
1297 3594 1371 3666 col-

172 3721 243 3814 lige
267 3728 304 3797 et
324 3723 479 3797 residuo
501 3723 768 3816 superabunde
785 3745 851 3814 per
867 3723 969 3796 vices
985 3722 1168 3814 reliquam
1188 3722 1372 3794 menstrui

174 3849 432 3940 quantitatem.
452 3850 634 3943 Liquores
655 3850 797 3922 collecti
824 3850 1051 3922 misceantur
1079 3853 1116 3922 et
1135 3849 1373 3923 destillationi

174 3976 430 4067 subjiciantur.
439 3978 648 4050 Residuum
662 3976 737 4048 leni
749 3977 926 4049 caloread
938 3976 1208 4069 praescriptam
1220 3978 1372 4050 extracti

174 4103 458 4177 consistentiam
477 4104 680 4196 redigatur.

281 4231 455 4303 Extracta
488 4231 543 4302 sic
571 4231 670 4303 dicta
702 4231 850 4303 fluida
876 4230 914 4302 in
948 4234 1132 4322 apparatu
1159 4229 1371 4322 depulsorio

173 4359 305 4431 eodem
337 4358 451 4430 modo
481 4363 520 4430 ut
554 4361 721 4431 extracta
750 4357 953 4450 spirituosa
981 4361 1170 4450 parentur,
1207 4362 1371 4430 attamen

172 4486 295 4578 liquor
314 4485 478 4577 primum
512 4487 693 4572 defluxus
729 4484 865 4577 quodsi
899 4484 1090 4557 delinitam
1125 4485 1370 4576 quantitatem

173 4613 345 4703 attigerit,
367 4619 561 4704 separetur
576 4635 599 4684 a
614 4613 757 4705 reliqua
776 4612 908 4705 liquidi
925 4610 1124 4684 defluentis
1140 4611 1258 4704 copia,
1277 4633 1371 4703 quae

172 4739 413 4811 destillationi
453 4740 681 4831 subjiciatur.
721 4739 928 4812 Residuum
966 4739 1052 4812 inde
1085 4758 1284 4810 remanens
1325 4738 1371 4808 ad
