<?xml version="1.0" encoding="UTF-8"?>
<!DOCTYPE html PUBLIC "-//W3C//DTD XHTML 1.0 Transitional//EN"
    "http://www.w3.org/TR/xhtml1/DTD/xhtml1-transitional.dtd">
<html xmlns="http://www.w3.org/1999/xhtml" xml:lang="en" lang="en">
 <head>
  <title>
</title>
<meta http-equiv="Content-Type" content="text/html;charset=utf-8" />
  <meta name='ocr-system' content='tesseract 3.04.00' />
  <meta name='ocr-capabilities' content='ocr_page ocr_carea ocr_par ocr_line ocrx_word'/>
</head>
<body>
  <div class='ocr_page' id='page_1' title='image "./pharmacopoeaaus00unkngoog_0178.png"; bbox 0 0 3574 5454; ppageno 0'>
   <div class='ocr_carea' id='block_1_1' title="bbox 693 546 937 616">
    <p class='ocr_par' dir='ltr' id='par_1_1' title="bbox 693 546 937 616">
     <span class='ocr_line' id='line_1_1' title="bbox 693 546 937 616; baseline -0.004 0"><span class='ocrx_word' id='word_1_1' title='bbox 693 546 937 616; x_wconf 85' lang='lat'>-151-</span> 
     </span>
    </p>
   </div>
   <div class='ocr_carea' id='block_1_2' title="bbox 220 760 1417 977">
    <p class='ocr_par' dir='ltr' id='par_1_2' title="bbox 220 760 1417 977">
     <span class='ocr_line' id='line_1_2' title="bbox 220 760 1417 853; baseline 0 -22"><span class='ocrx_word' id='word_1_2' title='bbox 220 760 411 852; x_wconf 74' lang='lat' dir='ltr'>liquescat.</span> <span class='ocrx_word' id='word_1_3' title='bbox 445 760 539 833; x_wconf 90' lang='lat' dir='ltr'>Cum</span> <span class='ocrx_word' id='word_1_4' title='bbox 570 761 755 834; x_wconf 84' lang='lat' dir='ltr'>solutione</span> <span class='ocrx_word' id='word_1_5' title='bbox 790 761 898 834; x_wconf 90' lang='lat' dir='ltr'>natrii</span> <span class='ocrx_word' id='word_1_6' title='bbox 923 761 1197 853; x_wconf 80' lang='lat' dir='ltr'>hyrdooxytlali</span> <span class='ocrx_word' id='word_1_7' title='bbox 1231 760 1417 852; x_wconf 81' lang='lat' dir='ltr'><strong>nigrescit,</strong></span> 
     </span>
     <span class='ocr_line' id='line_1_3' title="bbox 221 887 1311 977; baseline -0.001 -17"><span class='ocrx_word' id='word_1_8' title='bbox 221 887 449 960; x_wconf 82' lang='lat' dir='ltr'>ammoniam</span> <span class='ocrx_word' id='word_1_9' title='bbox 468 908 568 977; x_wconf 87' lang='lat' dir='ltr'>vero,</span> <span class='ocrx_word' id='word_1_10' title='bbox 589 888 647 959; x_wconf 92' lang='lat' dir='ltr'>vel</span> <span class='ocrx_word' id='word_1_11' title='bbox 667 889 853 962; x_wconf 92' lang='lat' dir='ltr'>solutione</span> <span class='ocrx_word' id='word_1_12' title='bbox 875 888 1063 976; x_wconf 84' lang='lat' dir='ltr'>calefacta,</span> <span class='ocrx_word' id='word_1_13' title='bbox 1083 908 1130 958; x_wconf 90' lang='lat' dir='ltr'>ne</span> <span class='ocrx_word' id='word_1_14' title='bbox 1153 887 1311 960; x_wconf 81' lang='lat' dir='ltr'>exhalet.</span> 
     </span>
    </p>
   </div>
   <div class='ocr_carea' id='block_1_3' title="bbox 218 1031 1418 1635">
    <p class='ocr_par' dir='ltr' id='par_1_3' title="bbox 218 1031 1418 1635">
     <span class='ocr_line' id='line_1_4' title="bbox 327 1031 1416 1126; baseline -0.002 -21"><span class='ocrx_word' id='word_1_15' title='bbox 327 1034 436 1126; x_wconf 84' lang='lat' dir='ltr'>Aqua</span> <span class='ocrx_word' id='word_1_16' title='bbox 455 1033 644 1107; x_wconf 87' lang='lat' dir='ltr'>destillata</span> <span class='ocrx_word' id='word_1_17' title='bbox 662 1056 746 1108; x_wconf 92' lang='lat' dir='ltr'>cum</span> <span class='ocrx_word' id='word_1_18' title='bbox 766 1034 919 1126; x_wconf 89' lang='lat' dir='ltr'>pulvere</span> <span class='ocrx_word' id='word_1_19' title='bbox 940 1038 1193 1124; x_wconf 87' lang='lat' dir='ltr'>conquassata</span> <span class='ocrx_word' id='word_1_20' title='bbox 1222 1033 1315 1106; x_wconf 89' lang='lat' dir='ltr'><strong>nihil</strong></span> <span class='ocrx_word' id='word_1_21' title='bbox 1335 1031 1416 1124; x_wconf 88' lang='lat' dir='ltr'>ejus</span> 
     </span>
     <span class='ocr_line' id='line_1_5' title="bbox 220 1159 1418 1255; baseline -0.003 -23"><span class='ocrx_word' id='word_1_22' title='bbox 220 1162 351 1250; x_wconf 81' lang='lat' dir='ltr'>solvat,</span> <span class='ocrx_word' id='word_1_23' title='bbox 364 1161 874 1255; x_wconf 75' lang='lat' dir='ltr'>hincliquorlilt1·atuS,aqua</span> <span class='ocrx_word' id='word_1_24' title='bbox 889 1161 1192 1253; x_wconf 83' lang='lat' dir='ltr'>lrydrosullurata</span> <span class='ocrx_word' id='word_1_25' title='bbox 1206 1160 1344 1247; x_wconf 87' lang='lat' dir='ltr'>addita,</span> <span class='ocrx_word' id='word_1_26' title='bbox 1359 1159 1418 1232; x_wconf 89' lang='lat' dir='ltr'>vel</span> 
     </span>
     <span class='ocr_line' id='line_1_6' title="bbox 219 1287 1416 1382; baseline 0 -22"><span class='ocrx_word' id='word_1_27' title='bbox 219 1293 307 1380; x_wconf 89' lang='lat' dir='ltr'>post</span> <span class='ocrx_word' id='word_1_28' title='bbox 325 1288 470 1380; x_wconf 84' lang='lat' dir='ltr'>longius</span> <span class='ocrx_word' id='word_1_29' title='bbox 490 1289 672 1382; x_wconf 89' lang='lat' dir='ltr'>temporis</span> <span class='ocrx_word' id='word_1_30' title='bbox 692 1289 932 1362; x_wconf 88' lang='lat' dir='ltr'>intervallum</span> <span class='ocrx_word' id='word_1_31' title='bbox 951 1289 1056 1379; x_wconf 83' lang='lat' dir='ltr'>nigro</span> <span class='ocrx_word' id='word_1_32' title='bbox 1073 1288 1194 1360; x_wconf 89' lang='lat' dir='ltr'>colore</span> <span class='ocrx_word' id='word_1_33' title='bbox 1214 1309 1262 1360; x_wconf 90' lang='lat' dir='ltr'>ne</span> <span class='ocrx_word' id='word_1_34' title='bbox 1277 1287 1416 1360; x_wconf 89' lang='lat' dir='ltr'>inficia-</span> 
     </span>
     <span class='ocr_line' id='line_1_7' title="bbox 219 1414 1417 1508; baseline -0.001 -21"><span class='ocrx_word' id='word_1_35' title='bbox 219 1420 289 1508; x_wconf 85' lang='lat' dir='ltr'>tur,</span> <span class='ocrx_word' id='word_1_36' title='bbox 301 1421 337 1490; x_wconf 92' lang='lat' dir='ltr'>et</span> <span class='ocrx_word' id='word_1_37' title='bbox 350 1415 389 1488; x_wconf 92' lang='lat' dir='ltr'>in</span> <span class='ocrx_word' id='word_1_38' title='bbox 405 1415 540 1489; x_wconf 88' lang='lat' dir='ltr'>balneo</span> <span class='ocrx_word' id='word_1_39' title='bbox 561 1437 682 1508; x_wconf 88' lang='lat' dir='ltr'>aquae</span> <span class='ocrx_word' id='word_1_40' title='bbox 698 1416 745 1487; x_wconf 90' lang='lat' dir='ltr'>ad</span> <span class='ocrx_word' id='word_1_41' title='bbox 760 1415 900 1488; x_wconf 89' lang='lat' dir='ltr'>siccum</span> <span class='ocrx_word' id='word_1_42' title='bbox 916 1420 1140 1508; x_wconf 82' lang='lat' dir='ltr'>evaporatus</span> <span class='ocrx_word' id='word_1_43' title='bbox 1154 1414 1347 1488; x_wconf 89' lang='lat' dir='ltr'>residuum</span> <span class='ocrx_word' id='word_1_44' title='bbox 1357 1415 1417 1487; x_wconf 81' lang='lat' dir='ltr'>vix</span> 
     </span>
     <span class='ocr_line' id='line_1_8' title="bbox 218 1543 411 1635; baseline 0.01 -21"><span class='ocrx_word' id='word_1_45' title='bbox 218 1543 411 1635; x_wconf 85' lang='lat' dir='ltr'>relinquat.</span> 
     </span>
    </p>
   </div>
   <div class='ocr_carea' id='block_1_4' title="bbox 329 1688 974 1782">
    <p class='ocr_par' dir='ltr' id='par_1_4' title="bbox 329 1688 974 1782">
     <span class='ocr_line' id='line_1_9' title="bbox 329 1688 974 1782; baseline 0 -21"><span class='ocrx_word' id='word_1_46' title='bbox 329 1691 503 1762; x_wconf 86' lang='lat' dir='ltr'>Servetur</span> <span class='ocrx_word' id='word_1_47' title='bbox 523 1710 611 1761; x_wconf 87' lang='lat' dir='ltr'>vase</span> <span class='ocrx_word' id='word_1_48' title='bbox 632 1688 705 1762; x_wconf 91' lang='lat' dir='ltr'>luci</span> <span class='ocrx_word' id='word_1_49' title='bbox 724 1689 916 1782; x_wconf 78' lang='lat' dir='ltr'>impervia</span> <span class='ocrx_word' id='word_1_50' title='bbox 972 1731 974 1738; x_wconf 34' lang='grc' dir='ltr'><em>ι</em></span> 
     </span>
    </p>
   </div>
   <div class='ocr_carea' id='block_1_5' title="bbox 273 2157 1372 2473">
    <p class='ocr_par' dir='ltr' id='par_1_5' title="bbox 273 2157 1372 2473">
     <span class='ocr_line' id='line_1_10' title="bbox 273 2157 1372 2298; baseline -0.002 -28"><span class='ocrx_word' id='word_1_51' title='bbox 273 2163 946 2298; x_wconf 67' lang='lat' dir='ltr'>Hydrarwrcom</span> <span class='ocrx_word' id='word_1_52' title='bbox 975 2157 1372 2292; x_wconf 62' lang='lat' dir='ltr'>jodocum</span> 
     </span>
     <span class='ocr_line' id='line_1_11' title="bbox 644 2339 978 2473; baseline -0.012 -20"><span class='ocrx_word' id='word_1_53' title='bbox 644 2339 978 2473; x_wconf 70' lang='lat' dir='ltr'>flavum.</span> 
     </span>
    </p>
   </div>
   <div class='ocr_carea' id='block_1_6' title="bbox 434 2575 1129 2708">
    <p class='ocr_par' dir='ltr' id='par_1_6' title="bbox 434 2575 1129 2708">
     <span class='ocr_line' id='line_1_12' title="bbox 434 2575 1129 2708; baseline -0.003 -25"><span class='ocrx_word' id='word_1_54' title='bbox 434 2575 435 2580; x_wconf 45' lang='lat'>.</span> <span class='ocrx_word' id='word_1_55' title='bbox 501 2603 859 2706; x_wconf 85' lang='lat' dir='ltr'>Protojoduretum</span> <span class='ocrx_word' id='word_1_56' title='bbox 882 2604 1129 2708; x_wconf 84' lang='lat' dir='ltr'>hydrargyri.</span> 
     </span>
    </p>
   </div>
   <div class='ocr_carea' id='block_1_7' title="bbox 214 2831 1416 3077">
    <p class='ocr_par' dir='ltr' id='par_1_7' title="bbox 214 2831 1416 3077">
     <span class='ocr_line' id='line_1_13' title="bbox 214 2831 1415 2936; baseline 0 -28"><span class='ocrx_word' id='word_1_57' title='bbox 214 2836 312 2928; x_wconf 85' lang='lat' dir='ltr'>Rpe:</span> <span class='ocrx_word' id='word_1_58' title='bbox 326 2831 548 2936; x_wconf 67' lang='lat' dir='ltr'>llydrargyri</span> <span class='ocrx_word' id='word_1_59' title='bbox 604 2840 807 2931; x_wconf 77' lang='lat' dir='ltr'>prammolc</span> <span class='ocrx_word' id='word_1_60' title='bbox 826 2833 967 2906; x_wconf 81' lang='lat' dir='ltr'>sederim</span> <span class='ocrx_word' id='word_1_61' title='bbox 1369 2837 1415 2910; x_wconf 85' lang='lat' dir='ltr'>lo</span> 
     </span>
     <span class='ocr_line' id='line_1_14' title="bbox 243 2977 1416 3077; baseline -0.009 -21"><span class='ocrx_word' id='word_1_62' title='bbox 243 3039 245 3044; x_wconf 68' lang='lat'>,</span> <span class='ocrx_word' id='word_1_63' title='bbox 326 2977 411 3056; x_wconf 79' lang='lat' dir='ltr'>Jolll</span> <span class='ocrx_word' id='word_1_64' title='bbox 465 2987 670 3077; x_wconf 65' lang='lat' dir='ltr'>provulata</span> <span class='ocrx_word' id='word_1_65' title='bbox 688 2979 799 3051; x_wconf 59' lang='lat' dir='ltr'>wenc</span> <span class='ocrx_word' id='word_1_66' title='bbox 1369 2982 1416 3053; x_wconf 86' lang='lat'>10</span> 
     </span>
    </p>
   </div>
   <div class='ocr_carea' id='block_1_8' title="bbox 215 3124 1416 3601">
    <p class='ocr_par' dir='ltr' id='par_1_8' title="bbox 215 3124 1416 3601">
     <span class='ocr_line' id='line_1_15' title="bbox 215 3124 1416 3218; baseline 0 -20"><span class='ocrx_word' id='word_1_67' title='bbox 215 3127 252 3199; x_wconf 94' lang='lat' dir='ltr'>in</span> <span class='ocrx_word' id='word_1_68' title='bbox 267 3127 489 3200; x_wconf 88' lang='lat' dir='ltr'>mortarium</span> <span class='ocrx_word' id='word_1_69' title='bbox 505 3127 664 3200; x_wconf 88' lang='lat' dir='ltr'>vitreum</span> <span class='ocrx_word' id='word_1_70' title='bbox 684 3124 857 3197; x_wconf 87' lang='lat' dir='ltr'>immissa</span> <span class='ocrx_word' id='word_1_71' title='bbox 878 3130 914 3197; x_wconf 91' lang='lat' dir='ltr'>et</span> <span class='ocrx_word' id='word_1_72' title='bbox 933 3125 1067 3218; x_wconf 84' lang='lat' dir='ltr'>spiritu</span> <span class='ocrx_word' id='word_1_73' title='bbox 1085 3125 1160 3197; x_wconf 91' lang='lat' dir='ltr'>vini</span> <span class='ocrx_word' id='word_1_74' title='bbox 1177 3132 1416 3200; x_wconf 89' lang='lat' dir='ltr'>concentrato</span> 
     </span>
     <span class='ocr_line' id='line_1_16' title="bbox 216 3250 1416 3346; baseline 0 -23"><span class='ocrx_word' id='word_1_75' title='bbox 216 3254 434 3327; x_wconf 86' lang='lat' dir='ltr'>humectata</span> <span class='ocrx_word' id='word_1_76' title='bbox 472 3260 560 3342; x_wconf 89' lang='lat' dir='ltr'>tere,</span> <span class='ocrx_word' id='word_1_77' title='bbox 605 3253 725 3325; x_wconf 88' lang='lat' dir='ltr'>donec</span> <span class='ocrx_word' id='word_1_78' title='bbox 763 3250 903 3342; x_wconf 84' lang='lat' dir='ltr'>globuli</span> <span class='ocrx_word' id='word_1_79' title='bbox 944 3253 1118 3325; x_wconf 83' lang='lat' dir='ltr'>metallici</span> <span class='ocrx_word' id='word_1_80' title='bbox 1156 3254 1416 3346; x_wconf 85' lang='lat' dir='ltr'>disparuerint,</span> 
     </span>
     <span class='ocr_line' id='line_1_17' title="bbox 217 3379 1415 3486; baseline -0.003 -33"><span class='ocrx_word' id='word_1_81' title='bbox 217 3379 1415 3486; x_wconf 78' lang='lat' dir='ltr'>curansutmassaintertriturationemmaneathumida,rle1nurrr</span> 
     </span>
     <span class='ocr_line' id='line_1_18' title="bbox 218 3507 1097 3601; baseline 0 -21"><span class='ocrx_word' id='word_1_82' title='bbox 218 3508 348 3601; x_wconf 89' lang='lat' dir='ltr'>spiritu</span> <span class='ocrx_word' id='word_1_83' title='bbox 369 3507 443 3580; x_wconf 91' lang='lat' dir='ltr'>vini</span> <span class='ocrx_word' id='word_1_84' title='bbox 464 3508 551 3580; x_wconf 88' lang='lat' dir='ltr'>lava</span> <span class='ocrx_word' id='word_1_85' title='bbox 571 3512 607 3580; x_wconf 89' lang='lat' dir='ltr'>et</span> <span class='ocrx_word' id='word_1_86' title='bbox 625 3507 663 3579; x_wconf 93' lang='lat' dir='ltr'>in</span> <span class='ocrx_word' id='word_1_87' title='bbox 682 3508 766 3580; x_wconf 89' lang='lat' dir='ltr'>loco</span> <span class='ocrx_word' id='word_1_88' title='bbox 787 3508 966 3580; x_wconf 89' lang='lat' dir='ltr'>umbroso</span> <span class='ocrx_word' id='word_1_89' title='bbox 987 3507 1097 3580; x_wconf 88' lang='lat' dir='ltr'>sicca.</span> 
     </span>
    </p>
   </div>
   <div class='ocr_carea' id='block_1_9' title="bbox 217 3652 1415 4018">
    <p class='ocr_par' dir='ltr' id='par_1_9' title="bbox 217 3652 1415 4018">
     <span class='ocr_line' id='line_1_19' title="bbox 325 3652 1415 3747; baseline -0.004 -20"><span class='ocrx_word' id='word_1_90' title='bbox 325 3655 378 3727; x_wconf 90' lang='lat' dir='ltr'>Sit</span> <span class='ocrx_word' id='word_1_91' title='bbox 401 3654 523 3747; x_wconf 90' lang='lat' dir='ltr'>pulvis</span> <span class='ocrx_word' id='word_1_92' title='bbox 552 3675 571 3726; x_wconf 89' lang='lat' dir='ltr'>e</span> <span class='ocrx_word' id='word_1_93' title='bbox 599 3653 794 3726; x_wconf 86' lang='lat' dir='ltr'>virescenti</span> <span class='ocrx_word' id='word_1_94' title='bbox 822 3653 953 3742; x_wconf 87' lang='lat' dir='ltr'>ssavus,</span> <span class='ocrx_word' id='word_1_95' title='bbox 991 3653 1029 3725; x_wconf 92' lang='lat' dir='ltr'>in</span> <span class='ocrx_word' id='word_1_96' title='bbox 1059 3674 1157 3744; x_wconf 86' lang='lat' dir='ltr'>aqua</span> <span class='ocrx_word' id='word_1_97' title='bbox 1196 3652 1415 3745; x_wconf 86' lang='lat' dir='ltr'>perpaulum</span> 
     </span>
     <span class='ocr_line' id='line_1_20' title="bbox 217 3778 1414 3875; baseline -0.004 -19"><span class='ocrx_word' id='word_1_98' title='bbox 217 3782 397 3870; x_wconf 72' lang='lat' dir='ltr'>solubilis</span> <span class='ocrx_word' id='word_1_99' title='bbox 420 3781 459 3854; x_wconf 91' lang='lat' dir='ltr'>in</span> <span class='ocrx_word' id='word_1_100' title='bbox 483 3781 615 3875; x_wconf 88' lang='lat' dir='ltr'>spiritu</span> <span class='ocrx_word' id='word_1_101' title='bbox 639 3780 715 3854; x_wconf 91' lang='lat' dir='ltr'>vini</span> <span class='ocrx_word' id='word_1_102' title='bbox 735 3785 772 3853; x_wconf 92' lang='lat' dir='ltr'>et</span> <span class='ocrx_word' id='word_1_103' title='bbox 797 3778 946 3852; x_wconf 86' lang='lat' dir='ltr'>aethere</span> <span class='ocrx_word' id='word_1_104' title='bbox 966 3779 1185 3868; x_wconf 87' lang='lat' dir='ltr'>insolubilis,</span> <span class='ocrx_word' id='word_1_105' title='bbox 1205 3780 1290 3871; x_wconf 83' lang='lat' dir='ltr'>igne</span> <span class='ocrx_word' id='word_1_106' title='bbox 1310 3801 1414 3872; x_wconf 88' lang='lat' dir='ltr'>pror-</span> 
     </span>
     <span class='ocr_line' id='line_1_21' title="bbox 218 3906 997 4018; baseline -0.006 -35"><span class='ocrx_word' id='word_1_107' title='bbox 218 3932 284 3984; x_wconf 89' lang='lat' dir='ltr'>sus</span> <span class='ocrx_word' id='word_1_108' title='bbox 306 3909 440 3998; x_wconf 88' lang='lat' dir='ltr'>avolat,</span> <span class='ocrx_word' id='word_1_109' title='bbox 461 3908 555 4018; x_wconf 74' lang='lat' dir='ltr'>lucis</span> <span class='ocrx_word' id='word_1_110' title='bbox 575 3908 679 3981; x_wconf 87' lang='lat' dir='ltr'>aditu</span> <span class='ocrx_word' id='word_1_111' title='bbox 699 3906 997 4000; x_wconf 89' lang='lat' dir='ltr'>decomponitur.</span> 
     </span>
    </p>
   </div>
   <div class='ocr_carea' id='block_1_10' title="bbox 216 4053 1415 4276">
    <p class='ocr_par' dir='ltr' id='par_1_10' title="bbox 216 4053 1415 4276">
     <span class='ocr_line' id='line_1_22' title="bbox 326 4053 1415 4144; baseline -0.005 -16"><span class='ocrx_word' id='word_1_112' title='bbox 326 4055 420 4128; x_wconf 91' lang='lat' dir='ltr'>Cum</span> <span class='ocrx_word' id='word_1_113' title='bbox 441 4054 547 4128; x_wconf 90' lang='lat' dir='ltr'>acido</span> <span class='ocrx_word' id='word_1_114' title='bbox 568 4053 744 4127; x_wconf 81' lang='lat' dir='ltr'>sulmrico</span> <span class='ocrx_word' id='word_1_115' title='bbox 761 4057 798 4125; x_wconf 86' lang='lat' dir='ltr'>et</span> <span class='ocrx_word' id='word_1_116' title='bbox 816 4073 1007 4144; x_wconf 84' lang='lat' dir='ltr'>mangano</span> <span class='ocrx_word' id='word_1_117' title='bbox 1022 4053 1304 4144; x_wconf 85' lang='lat' dir='ltr'>hyperoxydato</span> <span class='ocrx_word' id='word_1_118' title='bbox 1321 4053 1415 4124; x_wconf 88' lang='lat' dir='ltr'>cale-</span> 
     </span>
     <span class='ocr_line' id='line_1_23' title="bbox 216 4180 889 4276; baseline -0.004 -22"><span class='ocrx_word' id='word_1_119' title='bbox 216 4183 338 4254; x_wconf 80' lang='lat' dir='ltr'>factus</span> <span class='ocrx_word' id='word_1_120' title='bbox 359 4204 520 4276; x_wconf 87' lang='lat' dir='ltr'>vapores</span> <span class='ocrx_word' id='word_1_121' title='bbox 539 4181 726 4254; x_wconf 87' lang='lat' dir='ltr'>violaceos</span> <span class='ocrx_word' id='word_1_122' title='bbox 746 4180 889 4252; x_wconf 88' lang='lat' dir='ltr'>emittit.</span> 
     </span>
    </p>
   </div>
   <div class='ocr_carea' id='block_1_11' title="bbox 217 4323 1419 4547">
    <p class='ocr_par' dir='ltr' id='par_1_11' title="bbox 217 4323 1419 4547">
     <span class='ocr_line' id='line_1_24' title="bbox 327 4323 1419 4419; baseline -0.003 -21"><span class='ocrx_word' id='word_1_123' title='bbox 327 4327 420 4400; x_wconf 89' lang='lat' dir='ltr'>Cum</span> <span class='ocrx_word' id='word_1_124' title='bbox 449 4327 581 4419; x_wconf 87' lang='lat' dir='ltr'>spiritu</span> <span class='ocrx_word' id='word_1_125' title='bbox 614 4325 687 4398; x_wconf 89' lang='lat' dir='ltr'>vini</span> <span class='ocrx_word' id='word_1_126' title='bbox 722 4328 924 4417; x_wconf 87' lang='lat' dir='ltr'>quassatus</span> <span class='ocrx_word' id='word_1_127' title='bbox 952 4324 1075 4417; x_wconf 91' lang='lat' dir='ltr'>liquor</span> <span class='ocrx_word' id='word_1_128' title='bbox 1108 4323 1329 4413; x_wconf 88' lang='lat' dir='ltr'>obtineatur,</span> <span class='ocrx_word' id='word_1_129' title='bbox 1357 4325 1419 4416; x_wconf 88' lang='lat' dir='ltr'>qui</span> 
     </span>
     <span class='ocr_line' id='line_1_25' title="bbox 217 4451 1105 4547; baseline -0.001 -22"><span class='ocrx_word' id='word_1_130' title='bbox 217 4455 377 4528; x_wconf 86' lang='lat' dir='ltr'>liltratus</span> <span class='ocrx_word' id='word_1_131' title='bbox 399 4476 498 4547; x_wconf 87' lang='lat' dir='ltr'>aqua</span> <span class='ocrx_word' id='word_1_132' title='bbox 518 4453 825 4547; x_wconf 83' lang='lat' dir='ltr'>hydrosuliurata</span> <span class='ocrx_word' id='word_1_133' title='bbox 844 4451 905 4523; x_wconf 83' lang='lat' dir='ltr'>vix</span> <span class='ocrx_word' id='word_1_134' title='bbox 924 4452 1105 4525; x_wconf 86' lang='lat' dir='ltr'>turbetur.</span> 
     </span>
    </p>
   </div>
   <div class='ocr_carea' id='block_1_12' title="bbox 327 4598 917 4690">
    <p class='ocr_par' dir='ltr' id='par_1_12' title="bbox 327 4598 917 4690">
     <span class='ocr_line' id='line_1_26' title="bbox 327 4598 917 4690; baseline -0.005 -18"><span class='ocrx_word' id='word_1_135' title='bbox 327 4600 502 4674; x_wconf 88' lang='lat' dir='ltr'>Servetur</span> <span class='ocrx_word' id='word_1_136' title='bbox 523 4622 611 4673; x_wconf 87' lang='lat' dir='ltr'>vase</span> <span class='ocrx_word' id='word_1_137' title='bbox 631 4598 705 4674; x_wconf 92' lang='lat' dir='ltr'>luci</span> <span class='ocrx_word' id='word_1_138' title='bbox 724 4598 917 4690; x_wconf 89' lang='lat' dir='ltr'>impervio.</span> 
     </span>
    </p>
   </div>
   <div class='ocr_carea' id='block_1_13' title="bbox 0 0 1800 5454">
    <p class='ocr_par' dir='ltr' id='par_1_13' title="bbox 0 0 1800 5454">
     <span class='ocr_line' id='line_1_27' title="bbox 0 0 1800 5454; baseline 0 0"><span class='ocrx_word' id='word_1_139' title='bbox 0 0 1800 5454; x_wconf 95' lang='lat' dir='ltr'> </span> 
     </span>
    </p>
   </div>
  </div>
 </body>
</html>
