3502 5454
897 527 1078 598 „q-

497 738 819 841 iinryophylitrun
1044 743 1300 838 eeqrammata
1322 744 1471 840 quinque
1569 744 1592 816 5
1647 843 1650 846 Ι

497 869 595 946 teeti
1044 877 1242 966 qrammeta
1260 870 1362 942 mille.
1488 873 1593 944 1000

497 997 658 1071 Concisa
677 998 736 1071 ve]
762 1002 922 1073 contusa
945 1021 1015 1091 per
1033 1000 1208 1088 triduum,
1229 998 1380 1091 saepius
1401 1020 1588 1091 conques-

391 1124 523 1214 sand0,
545 1125 583 1197 in
612 1128 748 1217 lagena
768 1126 899 1198 clausa
927 1147 1095 1218 macera,
1126 1131 1207 1200 tum
1235 1127 1319 1200 cole
1350 1131 1386 1198 et
1414 1127 1591 1219 exprime.

384 1251 525 1343 Liquor
554 1253 715 1325 filtratus
755 1252 804 1324 sit
831 1251 1009 1345 limpidus
1040 1259 1076 1326 et
1105 1259 1276 1327 servetur
1304 1253 1342 1325 in
1372 1274 1462 1326 vase
1492 1254 1590 1328 bene

385 1379 526 1452 clauso.

757 1665 973 1774 Acetum
1002 1665 1216 1775 Seiliae.

383 1888 486 1981 Rpe:
521 1885 985 1966 011110111111111111111
1008 1889 1171 1966 minutim
1193 1889 1327 1968 contisi

518 2010 677 2118 Spiritus
697 2014 775 2092 vini
796 2013 907 2092 diluti

518 2141 640 2244 Aquae
660 2142 870 2221 destinatae
940 2143 987 2218 (ἴα
1004 2153 1203 2242 qrammata
1222 2147 1476 2242 quinquaqinta
1533 2149 1585 2221 50

517 2268 898 2348 111111111111111111
943 2275 1310 2370 qrammatatriqiniq.
1532 2274 1584 2347 30

489 2399 532 2472 In
571 2404 795 2492 apparatum
833 2399 1089 2492 depulsorium
1127 2400 1299 2473 immissa
1331 2422 1481 2474 macera
1515 2422 1585 2492 per

380 2527 558 2600 triduum.

490 2653 652 2745 Liquere
682 2653 817 2726 deinde
848 2653 995 2726 defluxo
1016 2660 1051 2727 et
1071 2655 1235 2744 collecto,
1266 2655 1420 2728 residuo
1450 2675 1583 2746 super·

381 2780 534 2853 infunde
564 2802 631 2872 per
658 2780 757 2853 vices
786 2780 1002 2869 miscellam,
1034 2803 1079 2854 ex
1107 2786 1215 2874 perte
1235 2801 1311 2853 une
1336 2781 1433 2852 acidi
1453 2781 1586 2854 ecetiei

382 2907 486 2980 diluti
502 2912 538 2980 et
556 2907 726 2999 partibus
745 2908 862 2980 tribus
883 2928 1004 2999 equae
1025 2907 1234 2980 destillatae
1254 2913 1438 2999 paratam,
1461 2910 1585 2981 donec

381 3035 530 3127 pondus
552 3035 666 3108 totius
687 3033 844 3126 liquoris
866 3035 1007 3107 obtenti
1027 3039 1064 3108 et
1082 3034 1208 3107 filtrati
1228 3033 1295 3107 sit:

937 3168 1173 3257 qrammatum
1193 3163 1472 3257 quinqentorum.
1504 3162 1585 3234 500

491 3287 547 3359 Sit
566 3287 772 3379 limpidum,
793 3286 928 3359 eoloris
949 3310 968 3359 e
989 3288 1103 3360 rubro
1124 3289 1230 3360 susci.

496 3414 639 3512 Oxymei
658 3415 796 3488 Scillae.

489 3701 711 3809 Acidum
736 3702 1000 3809 ecetieum
1027 3707 1455 3810 concinnatum.

488 3925 629 4016 Liquor
653 3925 842 4017 limpiduS‚
872 3925 1039 4014 decolor,
1069 3925 1358 4015 inflammabitis,
1386 3925 1587 4013 causticuS,

383 4051 508 4124 odoris
534 4051 832 4143 fragrantissime
863 4051 969 4139 acidi,
1003 4052 1139 4145 frigore
1170 4052 1374 4143 rigescere,
1403 4052 1586 4145 ponderis

381 4179 544 4271 specifici
579 4179 686 4267 106,
721 4200 852 4250 versus
882 4180 1117 4252 116-111Ο
1146 4178 1275 4251 ebullit
1304 4184 1411 4251 etex
1439 4179 1587 4271 integro

381 4308 571 4396 evaporat.

488 4432 656 4524 Decuple
685 4430 894 4524 quantitate
924 4452 1046 4523 aquae
1078 4432 1287 4505 destillatae
1317 4432 1486 4520 dilutum,
1515 4455 1588 4506 nee

357 4561 359 4564 ’
379 4581 480 4651 aqua
491 4558 806 4650 hydrosulfurate,
821 4559 878 4630 vel
900 4557 1164 4651 superadjecta
1183 4560 1384 4648 ammonia,
1399 4581 1468 4633 nec
1484 4561 1589 4634 solu·-

379 4685 544 4759 tionibus
565 4685 673 4776 beryi
692 4685 809 4757 uitrici
831 4684 909 4759 sive
931 4685 1076 4778 argenti
1095 4685 1215 4757 nitriei
1233 4686 1414 4760 turbetur.
