3502 5454
871 551 1116 624 -XVl—

396 773 589 858 cuanhae
629 773 806 888 opiatus
851 770 1046 858 Decocto
1086 769 1318 858 Zittnranni
1360 769 1505 857 locum
1550 773 1593 856 in

398 931 545 1020 codice
570 934 753 1050 amplius
783 930 1018 1020 concedere
1046 964 1134 1020 non
1156 943 1425 1044 convenerat,
1458 963 1593 1050 quum

397 1097 616 1183 sacculum
660 1094 767 1182 illud
806 1096 992 1198 linteum,
1049 1096 1167 1212 quod
1204 1105 1370 1213 praeter
1413 1097 1498 1185 aha
1552 1107 1595 1186 et

398 1258 673 1347 Cinnabarim
695 1259 901 1348 factitiam
923 1267 1051 1376 atque
1069 1259 1400 1378 Hydrargyrum
1423 1261 1594 1350 chlora

396 1432 489 1510 tum
530 1426 634 1511 mite
689 1421 878 1533 includit,
935 1425 1054 1511 omni
1098 1424 1321 1512 chemicae
1376 1423 1593 1514 doctrinae

396 1597 606 1705 repugnat
628 1595 670 1676 et
692 1587 817 1704 plane
856 1587 1013 1674 nullius
1048 1587 1222 1674 effectus
1244 1589 1524 1706 therapeutici
1546 1618 1593 1676 se

397 1751 611 1868 praebeat,
653 1750 770 1839 aliud
808 1781 911 1839 vero
946 1750 1174 1839 discrimen
1212 1752 1321 1839 inter
1350 1753 1592 1841 Decoctum

397 1916 628 2003 Zittmanni
651 1927 693 2003 et
708 1917 950 2004 Decoctum
971 1917 1275 2033 Sarsaparillae
1305 1920 1594 2034 compositum

396 2110 483 2168 non
506 2089 680 2169 constet.

507 2247 649 2359 Aegre
673 2258 715 2332 et
735 2245 906 2333 nonnisi
944 2275 1045 2334 usus
1084 2248 1306 2334 inveterati
1344 2257 1435 2335 tum
1457 2246 1596 2334 medi-

397 2440 546 2498 corum
576 2409 817 2526 aliquorum
857 2439 989 2526 quum
1025 2409 1163 2528 plebis
1203 2413 1342 2527 gratia
1380 2410 1595 2528 quaedam

397 2583 648 2692 praeparata
669 2575 732 2661 sic
755 2574 866 2662 dicta
885 2575 1039 2664 Caleni
1062 2584 1105 2664 et
1124 2577 1335 2693 imprimis
1353 2575 1595 2690 Collyrium

399 2738 665 2852 adstringens
687 2739 863 2851 luteum,
887 2741 1008 2855 eujus
1025 2741 1152 2858 plane
1167 2741 1457 2828 irrationalem
1474 2768 1597 2827 com-

398 2902 661 2992 binationem
683 2902 992 2992 distinctissimi
1021 2905 1344 3022 ophthalmiatri
1365 2904 1598 2993 abhorrent

399 3076 441 3155 et
460 3069 506 3153 in
526 3097 689 3155 novum
711 3067 906 3156 codicem
928 3071 1171 3186 pertrahere
1194 3073 1426 3158 necessitas
1451 3068 1595 3156 suasit.

396 3231 455 3322 Ut
477 3243 666 3321 attamen
706 3231 863 3321 damna
886 3264 941 3321 ex
971 3238 1116 3352 inepta
1139 3235 1425 3354 applicatione
1466 3233 1595 3349 hujus

504 3466 591 3521 Nota.
609 3465 761 3521 'Iinctnrae
783 3465 918 3522 methodo
939 3483 1022 3536 supra
1044 3467 1169 3522 indicata
1191 3471 1221 3522 et
1242 3469 1351 3522 rationo
1376 3468 1418 3522 1:
1440 3467 1475 3522 10
1493 3463 1597 3520 effecta

396 3573 472 3622 sunt:
495 3568 630 3623 'linctum
649 3569 776 3637 Aconiti,
789 3567 981 3624 Belladonnae
1003 3567 1103 3638 folior,
1128 3567 1335 3636 Cantharidum,
1360 3566 1493 3632 Colchici,
1517 3563 1597 3633 Digi-

395 3669 470 3738 tnlis,
484 3669 704 3739 Ipecsouauhno,
717 3671 862 3740 Loiseliae,
873 3669 1015 3738 Strychni,
1029 3668 1094 3738 Cpii
1106 3670 1197 3739 simpl.
1212 3674 1242 3724 et
1254 3672 1377 3724 crocata.

505 3769 638 3824 Methodo
671 3770 871 3839 percolationis
903 3774 1034 3838 parantur
1064 3769 1210 3824 Extracta:
1243 3767 1370 3837 Aconiti,
1402 3765 1596 3822 Belladonnae

396 3869 533 3936 loliorum,
566 3871 680 3940 calami,
713 3871 873 3940 Calaminae,
906 3869 1047 3925 Cannabis
1078 3871 1201 3939 Indicae,
1239 3867 1466 3938 Colocynthidis,
1504 3864 1596 3930 Conii,

396 3971 539 4040 Cubebae,
552 3972 647 4026 Filicis
658 3974 748 4038 maris,
758 3971 938 4044 Hyoscyami,
949 3969 1074 4040 Granati,
1087 3970 1199 4038 Scillae,
1210 3970 1318 4028 Secalis
1329 3971 1447 4036 cornuti,
1458 3964 1595 4036 Strychui.

396 4071 529 4127 Extracta
539 4074 580 4126 sic
590 4071 666 4126 dicta
676 4071 763 4128 fluida
772 4079 848 4129 sunt:
861 4072 1022 4128 Extractum
1034 4069 1215 4140 Hydrastidis
1226 4069 1409 4139 camdenum,
1419 4065 1596 4134 Quebracho,

395 4172 513 4226 Rhamni
525 4172 676 4228 Purshiani.

505 4271 605 4336 Quoad
618 4275 851 4343 compositionem
875 4272 1007 4328 differunt
1024 4276 1191 4341 praeparata
1203 4271 1448 4336 Pharmncopoeae
1463 4267 1597 4322 editionis

395 4377 532 4442 septimae
555 4374 714 4443 sequentia:
735 4373 858 4429 Acetum
881 4371 992 4438 scillae,
1017 4373 1205 4428 Electuarium
1228 4370 1381 4438 lenitivnm,
1406 4367 1596 4436 Emplastrum

395 4473 583 4543 adhaesio-um,
607 4472 812 4542 Cantharidum,
836 4471 982 4542 Cerussae,
1007 4471 1191 4542 Hydrargyri,
1214 4471 1369 4525 Deooctum
1393 4463 1597 4535 Sarsaparillne

394 4577 588 4644 compositum,
603 4574 666 4630 loco
680 4573 807 4628 Deeocto
821 4573 983 4640 Zittmanni3
1007 4571 1133 4642 Sympus
1147 4573 1223 4627 Ferri
1241 4569 1345 4642 jodati,
1368 4569 1494 4641 Sympus
1507 4567 1598 4635 Papa·

394 4674 470 4730 veris
495 4673 656 4744 (Diacodii),
684 4673 819 4729 'liuctnra
843 4671 921 4743 Jodi,
954 4671 1102 4727 'Iroehisci
1136 4670 1348 4742 lpecacuanhae
1380 4674 1411 4724 et
1446 4666 1595 4724 Santonini

285 4781 286 4786 ’
395 4773 573 4844 Unguentum
586 4775 769 4845 Hydrargyri.
