3574 5454
894 525 1122 598 -174-
1216 530 1220 540 '

412 765 481 816 nec
496 744 614 836 barya
629 742 760 816 nitrien
775 765 856 832 nec,
874 742 1000 816 addito
1017 743 1123 817 acido
1144 744 1284 837 uitrico,
1306 750 1461 837 argento
1480 746 1611 820 nitrico

413 871 610 944 confestim
629 871 809 961 turbetur,
831 871 1022 944 ammonio
1043 872 1189 946 oxalico
1209 878 1409 966 praesente
1421 875 1608 947 ammonia

411 997 580 1072 chlorato
608 999 855 1092 perexiguum
887 999 1039 1072 nonnisi
1066 999 1125 1073 vel
1153 999 1300 1073 nullum
1327 1001 1608 1094 praecipitatum

412 1125 603 1199 efficiatur.

520 1251 739 1351 Maqnesium
759 1252 917 1325 altricum
936 1252 1161 1349 qtanascans.
1180 1252 1285 1326 Potio
1302 1252 1478 1351 Maqncsii
1496 1255 1610 1328 citrica'

413 1380 639 1477 effaaasccns.
660 1379 785 1453 Putris
805 1379 1032 1476 dentifricins
1052 1379 1161 1453 albus.
1269 1435 1271 1438 -

689 1667 1031 1810 Magnesium
1067 1666 1330 1786 altricum,

411 1891 516 1984 Rpe:
546 1887 648 1967 tali
668 1888 786 1966 altrici
954 1897 1158 1987 qramnrata
1177 1893 1439 1990 quinquaqinta
1558 1894 1607 1967 50

409 2018 447 2091 in
468 2040 559 2092 vase
578 2019 817 2112 porcellaneo
838 2041 923 2092 cum

547 2142 669 2246 Aquae
680 2144 892 2224 tantillulae
919 2145 1238 2243 qrammiscentnna
1252 2147 1512 2246 quinquaqinta
1535 2148 1608 2222 150

412 2273 588 2347 calefiant
615 2295 739 2366 usque
760 2273 810 2346 ad
829 2273 1087 2347 ebullitionem
1113 2279 1151 2346 et
1168 2274 1315 2367 partitis
1335 2274 1480 2348 vicibus
1507 2275 1607 2368 inge·

410 2406 543 2475 rantur

547 2525 719 2628 Magnenti
738 2524 922 2607 ariarici

899 2663 1101 2753 qrammata
1121 2657 1270 2753 triqinta
1291 2659 1456 2755 quinqua.
1557 2659 1605 2732 35

519 2783 811 2858 Effervescentia
820 2790 972 2878 peracta
982 2786 1245 2859 stetsolutioin
1260 2786 1395 2860 balneo
1412 2807 1534 2880 aquae
1544 2808 1609 2880 per

411 2912 660 3006 quadrantem
693 2911 811 2984 horae
838 2917 874 2984 et
899 2912 1023 2986 adhuc
1043 2913 1166 2990 calida
1184 2913 1354 2986 filtretur.
1393 2914 1533 3008 Liquor
1551 2935 1605 2986 se·

410 3046 575 3135 ponatur
602 3040 641 3114 in
673 3041 798 3113 locum
828 3039 1006 3131 frigidum
1037 3061 1105 3134 per
1137 3041 1266 3132 viginti
1296 3046 1460 3134 quatuor
1487 3061 1607 3134 usque

409 3167 561 3260 triginta
581 3187 649 3240 sex
674 3167 800 3241 horas
821 3167 948 3240 Massa
965 3166 1053 3240 inde
1069 3173 1180 3241 enata
1194 3189 1352 3241 caseosa
1367 3168 1607 3262 expressione

409 3316 477 3390 per
494 3316 664 3388 pannum
683 3317 706 3368 a
724 3293 865 3389 liquida
891 3300 1086 3388 separetur
1106 3300 1141 3368 et
1166 3296 1335 3386 contrita,
1355 3299 1609 3388 temperatura

410 3425 486 3497 u50
505 3444 582 3497 non
598 3424 813 3512 excedente,
833 3423 995 3496 siccetur
1009 3428 1120 3515 atque
1135 3422 1176 3496 in
1193 3423 1388 3516 pulverem
1406 3423 1606 3516 redigatur.
1640 3411 1646 3428 ⁸

521 3551 575 3624 Sit
604 3550 764 3640 albidus,
785 3551 863 3624 fere
894 3549 1089 3642 insipidus
1123 3549 1323 3623 reactianis
1359 3549 1538 3640 aridulae,
1571 3551 1609 3623 in

410 3701 511 3772 aqua
530 3677 701 3752 bullienti
719 3677 826 3750 facile
847 3677 1029 3751 solubilis.

504 3963 844 4108 Magnesium
868 3964 1113 4074 altricum
1136 3963 1513 4074 effervescens.

410 4191 509 4284 Rpe:
545 4187 714 4290 linguosi!
735 4184 919 4266 burbonici
956 4197 1157 4285 qramrnata
1187 4191 1313 4286 ciqiuti
1332 4189 1484 4287 quinqua
1558 4187 1607 4259 uf>

545 4312 784 4393 tolutatura
804 4337 931 4418 grasse
954 4313 1134 4416 pulveratl

950 4443 1542 4541 qrammataseptuaqintaquinqne
1558 4443 1605 4514 75

409 4595 495 4646 curn

545 4698 666 4799 Aqua
687 4697 901 4776 destillans
955 4699 1126 4814 qrannnq'a
1146 4697 1254 4772 wana
1561 4699 1606 4770 10
