3574 5454
884 537 1128 609 -154-

910 748 1111 857 infusa.

519 968 657 1059 infusa
694 993 852 1063 quorum
887 974 1076 1065 quantitas
1109 975 1344 1046 substantiae
1376 976 1610 1050 adhibendae

411 1119 433 1168 a
467 1096 610 1169 medico
643 1098 873 1191 praescripta
905 1121 983 1172 non
1017 1107 1084 1191 est,
1119 1102 1156 1174 in
1190 1123 1327 1192 genere
1357 1110 1536 1194 parentur
1565 1128 1609 1178 ex

408 1230 513 1326 parte
542 1247 617 1298 una
641 1225 897 1299 medicaminis
928 1226 977 1299 ad
1005 1233 1130 1320 partes
1163 1229 1294 1301 decern
1324 1229 1513 1304 celaturae
1535 1232 1610 1304 effi-

415 1351 578 1424 ciendae.

519 1481 694 1553 Attamen
739 1481 930 1572 quantitas
968 1483 1268 1570 medicaminum,
1308 1505 1469 1576 quorum
1508 1485 1608 1560 dosis

412 1607 574 1678 maxima
594 1606 745 1679 definita
765 1611 833 1696 est,
854 1631 1004 1701 semper
1024 1632 1047 1681 a
1068 1611 1209 1682 medico
1230 1611 1514 1702 praescribatur.
1551 1613 1609 1684 Ad

409 1735 619 1825 parandum
656 1734 828 1807 Infusum
862 1736 1073 1810 substantia
1104 1737 1255 1810 concisa
1281 1737 1359 1810 sive
1389 1745 1546 1812 contusa
1571 1742 1608 1812 in

410 1884 500 1934 vase
529 1869 616 1955 apto
643 1885 744 1956 aqua
772 1864 915 1937 fervida
942 1865 1169 1954 infundatur,
1202 1865 1287 1938 dein
1316 1865 1506 1939 interdum
1536 1867 1608 1957 agi-

410 1990 523 2062 tando
544 1990 601 2062 vei
621 2014 688 2083 per
717 1992 881 2085 quinque
916 1994 1059 2065 minuta
1093 1994 1296 2086 vaporibus
1329 1991 1454 2065 balnei
1489 2015 1608 2086 aquae

409 2119 565 2202 calefiat,
589 2118 646 2190 vel
666 2142 734 2211 per
755 2121 1002 2212 quadrantem
1023 2122 1138 2194 harae
1160 2126 1367 2214 seponatur
1387 2145 1478 2194 vase
1501 2127 1609 2204 tectu,

408 2247 609 2337 Liquorem
629 2247 890 2338 refrigeratum
910 2249 993 2320 cala
1013 2255 1049 2321 et
1068 2249 1099 2320 si
1121 2270 1216 2341 opus
1239 2255 1294 2322 est
1315 2249 1425 2321 filtra.

578 2569 818 2677 Infusum
846 2569 1060 2679 Sennae
1088 2605 1207 2680 eum
1232 2570 1452 2680 Manna.

793 2800 977 2878 Infusum
1000 2801 1230 2880 laxativum.

411 2991 513 3085 Rpe:
548 2991 727 3071 tortorum
750 2991 888 3071 Semne
908 2991 1173 3071 Alexandrinae
1246 3003 1447 3090 pramnzata

1150 3123 1276 3220 ‘cipitata'
1297 3125 1449 3220 quinque
1561 3126 1610 3196 25

547 3248 666 3348 Aquas
686 3246 897 3327 destinatae
918 3246 1080 3326 fervidae
1135 3257 1336 3347 prenarrata
1351 3251 1498 3324 ducenta
1530 3253 1608 3325 900

411 3379 562 3451 infunde
582 3402 648 3472 per
668 3379 917 3472 quadrantem
937 3378 1064 3452 borae.

521 3505 563 3578 In
583 3508 752 3580 colatura
772 3529 953 3600 expressa
972 3506 1076 3580 solve

549 3632 693 3710 Manna
747 3639 948 3729 prararnata
970 3634 1119 3729 triqiata
1139 3635 1293 3729 quiaque
1562 3638 1610 3706 35

522 3761 731 3834 Ciarifieata
750 3765 786 3835 et
804 3762 941 3834 filtrata
960 3761 1212 3855 dispensetur.

522 3889 713 3986 Hydromel
731 3889 920 3983 infantum.

694 4214 1337 4354 abduramum.

520 4437 647 4510 Pulvis
657 4437 1022 4528 microcrystallinus
1038 4442 1140 4511 tactu
1155 4437 1316 4532 pinguis,
1332 4436 1467 4508 coloris
1484 4435 1609 4524 citrini,

415 4565 540 4637 adoris
561 4566 693 4653 crocei,
714 4565 859 4659 saporis
879 4566 1013 4659 ingrati
1040 4565 1174 4657 jodum
1207 4565 1405 4638 monentis,
1437 4562 1482 4636 In
1516 4585 1610 4656 aqua

413 4695 490 4766 fere
511 4694 731 4782 insolubilis,
751 4695 790 4766 in
810 4695 941 4793 spiritu
971 4693 1056 4780 vini,
1083 4693 1227 4766 facilius
1253 4693 1376 4765 adbuc
1396 4693 1434 4765 in
1463 4691 1609 4766 aethere
