3502 5454
639 558 853 630 ,31-

413 770 567 911 Aqua
593 770 841 878 durantii
867 771 1079 889 florum.

585 963 706 1064 Aqua
722 960 908 1064 Naphae.

260 1119 316 1192 Sit
329 1119 485 1213 limpida
499 1121 558 1192 vel
574 1122 883 1214 subopalescens,
904 1121 1037 1195 coloris
1053 1145 1196 1215 expers
1218 1124 1344 1196 odoris

151 1247 280 1320 suavis
301 1248 437 1320 florum
457 1249 637 1339 Aurantii‚
662 1248 809 1343 saporis
828 1249 1080 1323 amariusculi.

265 1374 430 1447 Gelotiuu
478 1373 697 1471 Liquiia'tiae
745 1375 931 1472 pellucido.
988 1376 1099 1450 Postu
1153 1401 1344 1476 qummoso.

151 1500 312 1598 Syrlqms
335 1503 469 1598 Capilli
497 1503 642 1576 Venetis.

567 1827 720 1968 Aqua
745 1825 934 1946 dulcis,

150 2012 252 2106 Rpe:
290 2010 398 2089 dalcii
418 2011 563 2113 oxydati
582 2017 750 2090 recenter
769 2013 841 2091 usti
881 2024 1079 2112 qrammata
1094 2024 1234 2090 motum.
1272 2019 1345 2091 100

261 2141 474 2234 Consperge
494 2143 532 2214 in
552 2143 626 2216 olla
645 2143 747 2216 fictili
766 2165 853 2217 cum

286 2266 406 2368 Aquae
747 2271 915 2367 qrammis
936 2269 1209 2368 quadrioqeutis.
1265 2274 1345 2347 400

258 2395 351 2470 Post
370 2397 632 2470 extinctionem
650 2399 827 2492 agitando
848 2399 1015 2472 admisce

285 2522 408 2623 Aquae
637 2531 869 2622 qrammatum
890 2526 1039 2622 quinque
1058 2525 1176 2599 millia.
1242 2528 1347 2601 5000

259 2652 424 2745 Aliquod
452 2653 555 2726 horis
579 2654 720 2747 elapsis
750 2659 898 2747 partem
927 2654 1107 2746 liquidam
1134 2655 1282 2728 effunde
1311 2660 1349 2730 et

146 2779 355 2852 sedimento
374 2780 502 2854 relicto
523 2781 687 2855 admisce

285 2906 407 3007 Aquae
427 2904 634 2985 destillatio
666 2914 900 3006 qralninutum
921 2907 1209 3004 quinquemillia.
1241 2911 1346 2984 5000

257 3035 423 3107 Miscella
442 3039 612 3108 servetur
627 3035 665 3107 in
683 3035 820 3127 lagena
834 3033 954 3107 vitrea
968 3035 1064 3108 bene
1081 3035 1221 3126 clausa,
1233 3036 1345 3110 iuter·

152 3163 242 3236 dum
258 3161 447 3254 agitando.

261 3290 356 3365 Usui
387 3292 571 3386 liquorem
599 3290 796 3383 limpidum
828 3291 1003 3364 abstrahe
1029 3297 1074 3381 et,
1102 3291 1133 3364 si
1158 3313 1255 3384 opus
1277 3297 1346 3380 est,

152 3419 261 3492 filtra.

263 3545 318 3620 Sit
336 3544 500 3638 limpida,
528 3545 664 3619 coloris
690 3567 835 3639 expers,
860 3545 1060 3627 reactionis
1088 3546 1230 3620 fortiter
1250 3549 1347 3620 alca-

152 3674 263 3762 linae,
284 3673 494 3747 ebullitione
515 3676 693 3747 turbetur.

489 3997 642 4138 Aqua
667 3997 1015 4106 carbolisata.

155 4221 255 4315 Rpe:
289 4216 391 4297 loidi
411 4216 585 4296 corbolio!
604 4217 794 4322 liquefacti
820 4226 1016 4318 qi‘amomlu
1035 4222 1177 4316 triqiotu
1198 4223 1269 4294 trio
1299 4223 1348 4296 33

156 4350 259 4422 solve
278 4349 317 4421 in

290 4475 411 4577 Aquae
433 4471 642 4552 destillatio

478 4604 649 4700 qrammis
670 4605 846 4700 neuquid-is
867 4602 1045 4698 sexoqioio
1066 4609 1202 4697 septem.
1272 4605 1347 4676 967

265 4731 405 4825 Liquor
423 4730 472 4804 sit
489 4730 679 4824 limpidus,
701 4730 849 4804 acidum
871 4729 1098 4802 corbolicum
1118 4730 1295 4804 redoleat.
