3502 5454
912 553 1099 624 ,4-

511 767 855 880 Aornum
894 767 1491 880 cannamomum.
1568 731 1572 739 ⁵

794 995 1041 1074 Arsonioum
1066 995 1211 1074 album.

509 1209 739 1302 Requiratur
757 1207 796 1280 in
815 1207 954 1280 massis
975 1211 1082 1280 extus
1102 1206 1303 1299 plurimum
1331 1207 1443 1296 albis
1465 1208 1607 1300 opacis

403 1337 506 1409 intus
528 1336 666 1425 vitreis,
686 1334 771 1428 plus
789 1334 962 1407 minusve
982 1333 1189 1426 pellucidis

509 1463 672 1536 intubo
701 1462 817 1534 vitreo
847 1462 1069 1534 calefactum
1097 1461 1207 1554 plane
1237 1461 1371 1550 avolet,
1401 1461 1606 1534 sublimato

402 1591 488 1664 albo
515 1591 659 1663 effecto.
683 1589 820 1662 Prnnis
847 1589 1095 1662 candentibus
1121 1587 1301 1680 injectum
1322 1589 1478 1662 odorem
1503 1588 1606 1662 allia-

403 1739 510 1791 ceum
531 1717 686 1810 spargit.

508 1843 551 1916 ln
578 1845 708 1917 decem
727 1844 898 1937 partibus
918 1844 1131 1916 ammoniae
1158 1843 1230 1916 sub
1251 1843 1325 1915 leni
1346 1843 1470 1916 calore
1492 1845 1605 1937 plane

402 1973 586 2059 solvatur;
606 1971 701 2044 haee
717 1971 866 2060 solutio,
883 1970 990 2043 acido
1006 1969 1290 2062 hydrochlorieo
1307 1976 1605 2063 supersaturata,

402 2100 565 2173 colorem
580 2099 721 2172 ssavum
740 2119 786 2171 ne
808 2097 975 2190 accipiat,
997 2119 1091 2171 neve
1107 2097 1392 2189 praecipitatum
1408 2098 1605 2191 producat,

401 2227 477 2299 imo
523 2248 624 2318 aqua
670 2225 977 2317 hydrosnlfurata
1017 2225 1145 2298 addita
1183 2225 1312 2298 statim
1349 2224 1606 2298 sedimentum

401 2354 545 2426 luteum
564 2353 714 2442 efficiat,
749 2353 852 2444 quod
881 2352 1015 2444 frigore
1044 2353 1203 2425 mixtum
1228 2353 1265 2428 in
1293 2353 1484 2426 ammonia
1507 2374 1607 2445 pura

401 2481 462 2553 vel
482 2480 672 2553 ammonio
693 2479 892 2552 carbonieo
914 2479 1025 2572 plane
1046 2479 1224 2552 solvatur.

514 2606 650 2680 Salutio
669 2607 870 2679 arsenicalis
890 2605 1047 2678 Fowleri.

654 2909 661 2926 ⁸
713 2968 932 3076 Aridum
959 2969 1292 3084 bennoioum.

510 3192 681 3285 Crystalli
701 3214 720 3264 e
745 3192 893 3264 Benzoe
914 3191 1179 3264 sublimatione
1205 3195 1375 3283 paratae,
1409 3191 1605 3265 subflavae

385 3299 459 3392 'vel
481 3322 610 3409 flavae,
632 3319 835 3392 aniculares
859 3321 918 3393 vel
937 3318 1125 3407 soliaeeae,
1146 3318 1275 3390 nitoris
1296 3319 1435 3408 sancei,
1456 3318 1606 3411 saporis

403 3448 549 3537 aciduli,
569 3447 695 3520 odoris
715 3446 898 3520 benzoini.

508 3574 551 3647 In
567 3595 666 3666 aqua
681 3573 814 3666 frigida
831 3573 984 3664 difficile,
1005 3575 1043 3646 in
1062 3574 1205 3646 fervida
1224 3595 1293 3645 nec
1312 3595 1391 3646 non
1411 3573 1450 3645 in
1471 3573 1606 3666 spiritu

402 3703 488 3790 vini,
517 3703 556 3775 in
585 3701 734 3775 aethere
755 3707 791 3772 et
818 3701 857 3772 in
886 3700 1149 3773 chloroformio
1180 3723 1250 3774 nec
1278 3722 1357 3774 non
1385 3700 1424 3772 in
1452 3700 1606 3774 aethere

400 3830 556 3924 petrolei
586 3829 691 3903 larile
718 3827 929 3900 solvuntur.
976 3828 1118 3901 Salutio
1139 3851 1287 3921 aquosa
1308 3828 1429 3902 calida
1452 3827 1604 3919 refrige-

401 3959 521 4031 rando
551 3957 732 4044 turbatur,
761 3955 869 4028 laetis
897 3956 972 4028 fere
994 3955 1160 4046 speeiem
1178 3957 1375 4049 praehens
1398 3960 1606 4048 antequam

404 4084 569 4177 crystalli
591 4082 798 4156 aniculares
819 4087 1057 4154 enascuntur.

510 4211 669 4282 Aridum
710 4209 931 4282 benzoirum
966 4230 1051 4282 cum
1088 4210 1292 4302 vaporibus
1332 4232 1453 4302 aquae
1492 4210 1605 4302 plane

404 4339 538 4411 avolat.
566 4336 609 4408 ln
628 4335 768 4408 lamina
787 4337 952 4429 platinea
971 4339 1214 4410 fervefactum
1233 4338 1416 4430 liquescit,
1442 4359 1606 4431 vapores

403 4467 530 4537 fauces
549 4469 761 4556 pungentes
783 4464 989 4557 tussimque
1010 4465 1214 4536 excitantes
1236 4465 1423 4556 evolvens
1453 4465 1606 4537 tandem

402 4595 555 4666 flamma
593 4591 715 4664 lueida
753 4590 856 4664 nullo
896 4591 1048 4665 omnino
1087 4591 1239 4665 residuo
1277 4598 1500 4665 remanente
1539 4593 1605 4664 ab·

406 4717 579 4792 sumitur.
