3502 5454
640 576 855 649 ..51-

147 795 230 885 bue,
250 791 437 883 mollibus,
456 794 493 867 in
515 815 669 888 corpore
688 791 773 888 pilis
792 793 999 868 tenerrimis
1019 792 1162 887 sparsis
1178 794 1348 884 obsessa,

144 922 304 1015 pedibus
332 922 465 1014 longis,
508 921 749 1012 tenuissimis,
782 921 908 1014 nigris,
952 921 1077 995 odoris
1105 921 1346 1014 penetrantis

15 1091 16 1096 =
146 1050 282 1141 gravis,
311 1049 436 1139 virosi,
465 1050 612 1143 saporis
632 1050 680 1123 ab
705 1048 807 1121 initio
832 1070 967 1142 parum
986 1048 1183 1137 manifesti,
1213 1048 1347 1122 deinde

146 1177 323 1251 acerrimi.

254 1323 498 1397 Cantharides
528 1325 748 1397 combustae
779 1323 912 1396 cineris
942 1345 988 1396 ex
1008 1327 1158 1395 centurn
1177 1322 1346 1415 partibus

144 1473 192 1523 ne
211 1451 297 1545 plus
317 1473 431 1543 quarn
451 1455 535 1524 octo
554 1456 681 1544 partes
699 1451 922 1544 relinquant.

253 1577 364 1670 Apud
377 1598 449 1650 nos
468 1577 661 1652 mensibus
681 1578 790 1651 lunio
807 1577 965 1668 etJuli0,
980 1577 1215 1672 potissimum
1235 1578 1344 1650 fraxi-

143 1726 226 1792 nos
241 1704 397 1797 ligustra
412 1709 449 1777 et
462 1705 634 1798 syringas
650 1705 831 1797 gregatim
847 1706 1102 1799 depascentes
1124 1704 1348 1797 colliguntur

145 1837 182 1904 et
197 1832 292 1906 bene
307 1831 515 1905 exsiccatae
530 1833 570 1905 in
583 1832 685 1906 vasis
700 1832 839 1924 optime
855 1833 993 1906 clausis
1010 1837 1117 1904 caute
1137 1838 1346 1906 serventur.

259 1977 435 2050 iinctara.
464 1977 709 2074 Emplastrum
733 1977 983 2050 Cantharidum
1005 1978 1239 2050 ordinarium..
1261 1978 1346 2050 Em-

138 2105 314 2200 plastrum
340 2104 591 2178 Cantharidum
604 2113 821 2202 perpetuum.

390 2555 565 2664 Carbo
592 2557 752 2699 ligni
778 2555 1094 2697 depuratus.

142 2800 245 2892 Rpe:
276 2795 448 2874 turbaris
469 2798 559 2900 ligni
577 2795 655 2874 Plri
676 2795 711 2874 ir
729 2796 855 2875 frustis
967 2824 998 2896 q.
1021 2823 1050 2870 a.

271 2945 530 3017 Excandescat
546 2945 584 3017 in
600 2966 690 3016 vase
708 2943 837 3034 terrea,
857 2945 952 3018 bene
969 2950 1078 3032 tecte,
1097 2947 1178 3016 tum
1192 2944 1344 3037 refrige-

143 3077 277 3160 ratum,
293 3094 315 3144 a
331 3070 515 3145 cineribus
532 3073 757 3166 depuratum
769 3078 805 3144 et
815 3071 853 3149 in
863 3072 1055 3165 pulverem
1065 3071 1193 3144 tritum
1203 3071 1242 3144 in
1252 3093 1344 3144 vase

144 3200 240 3271 bene
261 3200 390 3272 clausu
409 3220 558 3292 repone.

254 3343 379 3416 Pulvis
399 3343 620 3438 dentifricius
640 3342 749 3440 niger.

555 3776 929 3918 Carraglrccn.

552 4023 656 4126 Aiga
675 4021 918 4128 Carraghen.

262 4234 445 4308 Charadrus
455 4237 595 4332 emanas
615 4237 824 4327 Lyngbye
844 4241 881 4309 et
905 4237 1091 4334 Gigurtiau
1111 4239 1344 4348 nrammillosa

147 4363 360 4457 Agardh,
391 4364 497 4456 algae
536 4364 584 4436 ad
622 4363 735 4436 maris
768 4363 943 4437 Atlantici
975 4365 1084 4438 litora
1121 4366 1345 4458 frequentes.

150 4491 338 4564 Floridaae.
376 4490 612 4589 Gigartineac.

255 4637 411 4710 Plantae
427 4636 587 4709 siccatae
601 4636 719 4710 thalla
740 4637 853 4730 planu
870 4643 935 4711 aut
950 4637 1208 4727 canaliculatO,
1222 4638 1345 4710 dicho-

149 4768 263 4853 tomu,
301 4763 445 4837 laciniis
484 4763 818 4854 diversiiormibus‚
856 4786 956 4838 nunc
993 4765 1199 4854 latioribus
1247 4787 1345 4838 nunc

1092 4903 1128 4958 4*
