3574 5454
866 474 1109 548 -me-

674 686 912 797 bitbium
941 687 1307 795 carbunicam.

492 875 620 948 Pulvis
654 877 772 966 albus,
808 876 1049 949 candefactus
1087 876 1310 968 liquescens
1348 875 1580 967 inpartibus

388 1005 464 1076 150
484 1025 605 1096 aquae
627 1004 815 1093 solubilis;
836 1006 973 1079 solutio
993 1010 1051 1079 est
1070 1005 1270 1078 reactionis
1292 1004 1482 1077 alcalinae.

492 1130 609 1204 Acido
620 1131 903 1224 hydrochlorico
913 1134 1109 1207 dilutosub
1121 1131 1399 1206 effervescentia
1409 1131 1576 1217 solvitur;

383 1258 519 1331 solutio
540 1259 588 1331 ad
608 1259 749 1332 siccum
769 1267 983 1354 evaporata,
1003 1261 1197 1333 residuum
1215 1258 1372 1352 praebet
1391 1259 1428 1331 in
1448 1259 1579 1352 spiritu

383 1387 459 1458 vini
480 1393 517 1460 et
537 1387 686 1461 aethere
706 1388 812 1461 facile
833 1395 870 1462 et
883 1390 1043 1482 perfecte
1058 1388 1228 1462 solubile.
1249 1387 1377 1460 Pulvis
1398 1385 1476 1458 sive
1496 1385 1577 1478 ejus

382 1514 519 1587 solutio
539 1515 711 1590 flammae
732 1517 894 1590 colorem
916 1518 1132 1591 coccineum
1152 1516 1324 1609 impertit.

492 1643 636 1716 Solutio
657 1667 814 1738 aquosa,
841 1647 946 1720 acido
976 1647 1107 1720 uitrico
1138 1645 1335 1733 acidulata,
1366 1665 1435 1716 nec
1462 1645 1577 1735 baryo

380 1771 523 1861 uitrico,
544 1793 614 1844 nec
645 1779 800 1865 argento
829 1775 973 1864 uitrico,
1003 1794 1125 1866 neque
1151 1773 1341 1846 ammonia
1361 1771 1578 1844 abundante

381 1899 519 1991 addita,
537 1902 728 1973 ammonio
750 1902 933 1975 sulfurato
951 1907 1016 1975 aut
1026 1900 1217 1974 ammonio
1238 1899 1382 1974 oxalico
1398 1899 1577 1971 turbetur.

800 2152 1175 2295 bycopodium.

487 2337 723 2436 Lycopodc'um
752 2341 922 2414 claretum
950 2342 1087 2432 Linn.,
1121 2341 1316 2414 fruticulus
1345 2359 1499 2432 repens,
1538 2337 1579 2409 in

378 2465 484 2538 silvis
503 2469 692 2541 montanis
713 2490 899 2542 crescens.
926 2468 1213 2566 Lycopodiaceoe.

487 2595 627 2688 Sporae
648 2618 668 2670 e
689 2597 802 2690 spicis
831 2598 1027 2672 fructiferis
1054 2597 1211 2670 maturis
1240 2615 1422 2669 excussae
1452 2598 1488 2667 et
1510 2613 1578 2686 per

378 2722 540 2795 cribrum
558 2724 745 2816 trajectae,
765 2724 1107 2820 sistuntpulrerem
1117 2725 1414 2812 subtilissimum,
1441 2721 1577 2814 pallide

378 2850 531 2942 flavum,
544 2853 705 2926 maxime
718 2854 909 2944 mobilem,
924 2858 1027 2927 tactu
1040 2853 1210 2942 mollem,
1230 2853 1351 2944 digitis
1371 2852 1574 2924 adhaeren-

377 2981 463 3067 tem,
483 2980 656 3052 flamrnae
675 2982 890 3074 inspersum
910 2981 1099 3055 celerrime
1120 3003 1205 3054 cum
1223 2981 1391 3073 strepitu,
1410 2979 1575 3051 fulminis

322 3124 324 3129 ·
378 3105 505 3194 instar,
532 3106 612 3179 sine
641 3108 744 3182 furno
775 3110 1057 3202 deflagrantem,
1097 3110 1225 3183 odoris
1255 3108 1482 3201 saporisque
1511 3128 1572 3179 ex-

377 3239 530 3324 pertem,
559 3243 797 3310 constantem
817 3259 836 3310 e
857 3237 999 3311 cellulis
1019 3237 1290 3326 minutissimis,
1319 3235 1576 3328 magnitudine

378 3362 497 3434 ΟΜ)
532 3365 580 3436 ad
613 3365 732 3438 douc
766 3365 985 3455 millimetri,
1014 3364 1435 3459 tetraddrosplraericiS,
1465 3385 1571 3455 pyra·

377 3488 498 3563 mides
528 3492 790 3566 exhibentibus
818 3493 993 3586 trigonus,
1028 3494 1111 3566 basi
1145 3493 1253 3566 valde
1288 3513 1457 3566 convexa
1488 3491 1571 3563 reti-

378 3617 714 3712 culato-costatus
745 3643 905 3714 quarum
934 3621 1060 3714 anguli
1087 3621 1262 3694 laterales
1292 3620 1395 3714 apice
1429 3620 1470 3691 iu
1496 3623 1573 3691 tres

381 3750 532 3818 suturas
561 3753 774 3821 excurrunt.

488 3872 582 3947 Cum
620 3897 720 3968 aqua
758 3882 823 3949 aut
866 3876 1130 3951 chloroformio
1169 3881 1468 3968 conquassatum
1503 3875 1572 3966 Ly-

378 4000 578 4092 copodium
599 4002 805 4095 superficiei
824 4003 978 4094 innatat,
1003 4025 1125 4097 neque
1147 4004 1353 4097 quidquam
1371 4003 1409 4076 in
1428 4002 1572 4094 liquore

376 4127 462 4219 ipso
490 4128 679 4220 relinquit;
719 4128 758 4200 in
788 4151 887 4222 aqua
915 4134 1062 4203 coctum
1096 4131 1286 4223 demergit.
1334 4129 1465 4203 Partes
1492 4129 1571 4219 ejus

376 4260 526 4327 centum
546 4257 765 4329 combustae
784 4258 909 4330 minus
939 4280 1054 4351 quam
1086 4265 1212 4352 partes
1247 4259 1412 4353 quinque
1438 4258 1569 4330 cineris

376 4381 602 4474 relinquant.

484 4510 538 4582 Sit
556 4534 579 4582 a
599 4511 810 4604 quisquiliis
839 4518 876 4586 et
894 4536 1008 4587 arena
1040 4515 1210 4607 liberum,
1235 4537 1306 4590 nec
1333 4514 1567 4608 inquinatum

225 4675 230 4684 ·
373 4637 510 4730 polline
526 4640 707 4732 pinorum,
728 4642 931 4716 saturatius
951 4643 1060 4731 flavo,
1081 4645 1151 4717 sub
1168 4645 1290 4738 digitis
1308 4645 1393 4717 trito
1413 4643 1568 4716 terebin-
