3502 5454
868 565 1108 640 -·le-

496 783 584 870 Ubi
607 781 843 871 admonitio
866 791 1014 872 notatu
1037 782 1169 900 digna
1190 781 1424 896 videbatur,
1467 784 1588 901 quali

389 976 491 1035 cura
532 955 784 1064 praeparata
827 950 987 1036 servari
1032 947 1225 1061 debeant,
1269 951 1329 1038 ibi
1372 953 1587 1039 monitum

389 1112 604 1226 singulare
627 1110 876 1227 adjunctum
899 1121 973 1199 est.

504 1277 685 1364 Ratione
723 1275 872 1364 habita
911 1275 1229 1387 desideriorum,
1278 1306 1387 1394 quae
1432 1285 1524 1366 tum
1562 1309 1592 1367 a

391 1439 570 1528 medicis
594 1470 728 1556 quum
751 1469 777 1527 a
798 1439 1145 1557 pharmacopolis
1183 1439 1344 1558 ubique
1380 1451 1588 1532 terrarum

391 1607 682 1722 exprimuntur
706 1612 748 1691 et
771 1633 823 1692 eo
846 1603 1033 1716 tendunt,
1059 1615 1105 1693 ut
1134 1605 1274 1720 major
1295 1611 1520 1694 consensio
1544 1609 1589 1692 in

388 1768 791 1890 praescriptionibus
841 1798 920 1886 pro
973 1770 1173 1886 parandis
1229 1769 1588 1858 medicaminibus

390 1936 747 2051 pharmaceuticis
769 1935 980 2051 imprimis
1002 1936 1171 2022 tonicae
1199 1933 1357 2022 indolis
1387 1935 1429 2021 in
1459 1937 1588 2051 phar-

393 2100 642 2215 macopoeis
682 2107 945 2216 assequatur,
989 2101 1175 2186 rationes
1214 2101 1258 2204 in
1294 2099 1489 2187 formulis
1533 2097 1590 2186 ad

391 2261 613 2350 efficienda
631 2270 820 2350 extracta
837 2271 878 2349 et
894 2264 1095 2352 tincturas
1106 2263 1377 2379 praescriptis
1390 2271 1588 2380 receptae

391 2438 498 2538 sunt,
556 2455 666 2543 quae
725 2429 770 2512 in
823 2425 1225 2544 praescriptionibus
1279 2426 1587 2515 notabiliorum

391 2593 833 2708 pharmacopoearum
843 2592 1091 2679 novissimis
1103 2589 1365 2708 temporibus
1380 2590 1586 2679 editarum

393 2764 630 2866 occurrunt,
685 2757 789 2842 item
834 2765 875 2842 et
917 2755 1148 2844 methodus
1198 2755 1498 2873 percolationis
1540 2758 1588 2844 iu

392 2932 596 3037 apparatu
629 2922 692 3006 sic
725 2919 838 3008 dicto
873 2919 1129 3037 depulsorio,
1171 2949 1258 3036 qua
1292 2921 1430 3036 major
1462 2948 1587 3036 prae-

391 3086 526 3202 parati
549 3087 823 3173 conformitas
855 3093 897 3172 et
928 3085 1209 3200 praestantior
1243 3085 1425 3203 qualitas
1460 3086 1589 3172 attin-

393 3251 518 3364 gitur,
543 3251 640 3337 usui
662 3248 1054 3338 commendabatur.

502 3415 748 3503 Profuturo
773 3441 876 3529 ergo
901 3415 1119 3524 tincturae,
1144 3441 1254 3529 quae
1283 3414 1508 3530 hucusque
1532 3439 1589 3499 ex

393 3586 510 3694 parte
528 3609 613 3667 una
630 3577 890 3666 substantiae
909 3585 950 3662 et
966 3575 1155 3693 partibus
1175 3579 1363 3694 quinque
1380 3577 1590 3664 menstrui

393 3756 602 3860 parantur,
653 3742 755 3860 quin
810 3742 1023 3859 quantitas
1067 3741 1274 3829 tincturae
1331 3739 1587 3828 obtinendae

394 3910 566 3997 delinita
588 3909 653 4018 sit,
677 3909 719 3993 in
743 3905 943 4024 ponderis
965 3905 1156 4023 partibus
1189 3905 1338 3993 decem
1380 3905 1587 3993 tincturae

394 4074 595 4163 solubilia
640 4101 693 4158 ex
743 4081 862 4187 parte
918 4101 1001 4159 una
1055 4070 1316 4159 substantiae
1374 4067 1591 4156 adhibitae

394 4237 679 4326 continebunt.
705 4235 793 4324 Ubi
830 4237 936 4325 ratio
976 4237 1110 4322 suasit
1140 4231 1371 4322 methodus
1394 4222 1589 4349 percola-

393 4403 519 4490 tionis
563 4401 619 4489 ad
661 4399 851 4520 paranda
894 4409 1084 4488 extracta
1137 4407 1180 4487 et
1221 4401 1426 4486 tincturas
1466 4423 1592 4513 prae·

394 4569 549 4684 scripta
570 4575 645 4656 est.
