3576 5454
683 563 926 642 *183-

614 788 636 896 l
661 779 1003 925 Naplrtolum.

314 1000 504 1075 Lamellae
531 1004 779 1096 crystallinae,
811 1006 928 1096 albae,
955 1005 1086 1080 nitoris
1107 1005 1247 1096 sericei,
1278 1003 1404 1080 odoris

205 1130 282 1204 fere
317 1137 508 1223 expertes,
545 1133 690 1225 saporis
724 1133 878 1221 urentis
911 1134 982 1207 sub
1014 1138 1266 1227 temperatura
1301 1133 1401 1206 113Ο

204 1257 475 1351 liquescentes;
509 1258 548 1330 in
573 1282 672 1353 aqua
704 1260 837 1354 frigida
868 1282 1013 1353 pamm,
1043 1260 1189 1334 difficile
1207 1261 1246 1334 in
1264 1261 1406 1335 fervida

205 1387 412 1476 solvuntur,
441 1386 549 1460 facile
574 1387 612 1460 in
640 1387 774 1479 spiritu
799 1387 891 1478 vini,
927 1387 1094 1478 aethere,
1129 1387 1403 1479 chloroformio,

203 1513 374 1604 banzola,
396 1514 488 1587 oleis
508 1514 708 1607 pinguibus
729 1520 766 1588 et
784 1515 822 1587 in
843 1515 1093 1590 solutionibus
1112 1515 1290 1588 alcalinis.

314 1642 457 1717 Solutio
475 1663 624 1736 aquosa
637 1642 734 1716 ferro
750 1642 1048 1736 sesquichlorato
1062 1642 1224 1735 primum
1241 1642 1404 1716 colorem

111 1795 119 1806 ·
204 1770 487 1844 viridescentem
501 1771 631 1860 induit,
652 1776 733 1845 turn
747 1772 885 1844 floccos
902 1770 1008 1843 albos
1025 1769 1184 1844 demittit
1190 1792 1198 1856 ;
1214 1769 1406 1842 ammonia

204 1900 326 1971 colore
346 1898 779 1973 subcaeruleo-violaceo
799 1897 998 1972 lluorescit.

312 2025 454 2100 Solutio
493 2049 648 2120 aquosa,
692 2049 764 2119 ope
802 2025 913 2100 natrii
950 2024 1223 2118 hydroonydati
1261 2025 1404 2114 effecta,

203 2153 467 2227 chloroformio
488 2155 615 2238 addito
636 2155 801 2228 colorem
820 2154 1034 2228 caeruleum
1053 2152 1177 2226 trahit.

312 2280 455 2354 Solutio
476 2303 622 2373 aquosa
640 2282 779 2355 fervide
800 2286 969 2354 saturata
987 2281 1084 2354 ferro
1104 2279 1404 2373 sesquichlorato

203 2408 326 2482 colore
346 2408 514 2482 violaceo
534 2429 581 2481 ne
600 2409 776 2500 tingatur.

313 2535 408 2610 Cum
427 2533 630 2627 vaporibus
651 2535 806 2628 aquosis
824 2535 975 2608 nonnisi
995 2534 1143 2608 difficile
1164 2533 1329 2625 auffugit.

311 2661 474 2755 Ignitum
494 2661 574 2736 sine
594 2661 747 2735 residuo
767 2663 972 2736 comburat.

500 3032 744 3143 Natrium
772 3035 1100 3144 borocicum.

719 3263 867 3343 Borax.

310 3457 482 3550 Crystalli
508 3457 758 3550 prismaticae‚
785 3459 986 3548 decolores
1007 3459 1044 3531 in
1071 3463 1155 3530 atre
1175 3457 1401 3546 fatiscentes

200 3585 323 3657 calore
343 3585 555 3679 liquescunt
583 3592 619 3659 et
643 3584 775 3658 lortius
795 3587 996 3660 calefactae
1021 3585 1059 3658 in
1091 3606 1260 3658 massam
1289 3605 1401 3679 spon-

199 3712 346 3804 giosam
375 3755 420 3768 -
451 3714 632 3786 Boracem
661 3717 789 3786 ustam
821 3755 867 3768 -
896 3719 1099 3789 mutantur.
1132 3713 1336 3787 Solvuntur
1363 3713 1402 3785 in

198 3841 368 3933 partibus
393 3843 438 3914 17
461 3863 583 3934 aquae
604 3840 768 3932 frigidae,
790 3841 908 3914 multo
923 3842 1067 3914 facilius
1082 3841 1121 3912 in
1141 3862 1241 3932 aqua
1258 3839 1402 3913 fervida

200 3974 237 4043 et
264 3969 302 4042 in
338 3968 537 4061 glycerino.
567 3968 691 4040 Borax
725 3989 796 4061 ope
825 3990 941 4042 ansae
969 3969 1020 4040 fili
1048 3966 1199 4061 platinei
1227 3967 1401 4039 flammae

199 4096 364 4184 admota,
392 4095 490 4168 hane
520 4096 642 4167 colore
672 4095 781 4186 llavo,
817 4095 923 4169 acido
954 4094 1131 4168 sullurico
1160 4099 1401 4168 concentrato

199 4223 337 4312 addito,
358 4224 481 4296 colore
501 4221 609 4295 viridi
628 4221 754 4295 inficit.

308 4350 452 4424 Solutio
469 4370 623 4441 aquosa,
640 4348 839 4423 reactionis
856 4350 1046 4440 alcalinae,
1063 4370 1132 4422 nec
1148 4369 1248 4440 aqua
1263 4348 1396 4438 hydro·

198 4477 392 4567 sullurata,
410 4498 480 4550 nec
500 4476 690 4549 ammonio
711 4477 911 4550 carbonico
935 4482 1108 4565 mutetur,
1144 4474 1271 4548 addito
1291 4473 1400 4546 acido

197 4604 329 4678 uitrico
348 4625 396 4678 ne
416 4605 635 4678 effervescat
655 4609 693 4678 et
711 4604 827 4695 baryo
848 4604 990 4694 uitrico,
1012 4607 1077 4676 eut
1094 4606 1249 4694 argento
1270 4601 1400 4674 uitrico

199 4731 345 4824 adjecto
364 4734 426 4806 vix
445 4732 623 4807 turbetur.
