3574 5454
639 564 876 636 ...113-

155 783 366 875 perpusillis
396 782 540 871 albidis,
571 782 809 855 solummodo
843 784 914 856 sub
948 782 1046 856 lente
1074 785 1186 876 plane
1216 783 1354 857 destin-

155 910 323 1002 guendis,
345 931 559 1003 conspersa,
580 908 726 1002 saporis
746 909 997 999 amariusculi,
1018 911 1196 984 subacris.

263 1037 369 1110 Folia
389 1059 409 1111 e
427 1038 557 1130 planta
570 1036 733 1110 florifera
758 1036 1005 1130 decerpenda,
1026 1038 1098 1112 cito
1120 1038 1300 1112 siccanda
1319 1045 1355 1111 et

155 1166 193 1238 in
204 1187 294 1239 vase
308 1166 402 1239 bene
419 1165 547 1239 clauso
564 1168 672 1238 caute
683 1164 886 1252 servanda3
907 1165 1109 1258 quotannis
1123 1166 1352 1239 renovanda.

264 1290 477 1366 Extraclum.
500 1291 679 1364 Tinctum.

590 1758 742 1869 llolia
770 1757 926 1869 Ocea.

263 2000 520 2099 Erythrorylon
547 2001 637 2075 Coca
654 2002 879 2091 Lamarck,
890 2001 1010 2075 frutex
1026 2006 1160 2096 sponte
1180 2024 1354 2077 crescens

157 2134 194 2203 et
213 2131 335 2202 cultus
355 2130 392 2202 in
411 2129 569 2204 Peruvia
588 2135 625 2203 et
643 2129 796 2202 Bolivia.
817 2128 1140 2226 Erytbrorplrceae.

265 2257 368 2330 Folia
387 2260 527 2331 siccata
544 2259 732 2350 petiolata‚
760 2258 893 2345 ovalia,
923 2259 1084 2330 obovata
1104 2257 1163 2330 vel
1181 2257 1354 2348 oblonga,

156 2385 319 2478 quinque
340 2386 388 2458 ad
404 2407 469 2458 sex
486 2385 699 2459 centimetra
719 2385 842 2477 longa,
858 2389 1089 2474 mucronata,
1105 2382 1353 2476 integerrima,

154 2512 292 2600 tenuia,
303 2512 433 2604 rigida,
445 2513 600 2604 fragilia,
611 2533 773 2605 superne
785 2512 934 2585 sordide
948 2511 1092 2600 viridia,
1104 2512 1237 2584 subtus
1248 2510 1352 2604 palli·

155 2639 270 2727 diora,
281 2639 462 2731 pruinosa
472 2646 509 2713 et
522 2641 631 2732 plura
644 2639 827 2712 instructa
838 2640 985 2713 duabus
1000 2638 1238 2732 epidermidis
1249 2637 1354 2730 plicis

154 2765 370 2854 linearibus,
394 2771 519 2840 tantos
549 2787 688 2840 nervos
713 2767 886 2840 laterales
916 2771 1090 2840 arcuatos
1123 2765 1354 2839 imitantibus

155 2915 386 2988 nervumque
406 2896 624 2989 primarium
644 2916 667 2967 a
685 2895 767 2967 basi
786 2916 907 2986 usque
926 2895 966 2966 in
985 2894 1061 2967 solii
1081 2894 1224 2987 apicem
1244 2892 1354 2965 comi-

70 3042 75 3051 ’
154 3022 337 3110 lantibus,
371 3023 498 3096 odoris
528 3021 658 3094 debilis
689 3021 893 3112 aromatici,
923 3021 1068 3114 saporis
1089 3020 1355 3094 amariusculo-

156 3149 338 3222 subacris

399 3619 643 3733 notra
684 3557 1111 3756 viperam.

266 3857 439 3954 Dipitolis
452 3882 632 3954 purpurea
646 3859 781 3948 Linn,
797 3860 927 3952 planta
940 3858 1098 3948 biennis,
1113 3859 1151 3931 in
1166 3858 1356 3930 montibus

158 3987 292 4080 apricis
310 3986 483 4078 Europae
503 3987 741 4060 occidentalis
757 3992 891 4080 sponte
907 4008 1091 4074 crescens
1112 3985 1213 4078 opud
1228 4006 1298 4057 nos
1318 3984 1357 4056 in

157 4113 275 4187 hortis
295 4112 593 4207 frequentissime
614 4115 723 4187 culta.
745 4111 1082 4208 Scrophulcricceoc.

266 4238 369 4312 Folia
388 4244 501 4312 ovata
530 4240 587 4312 vel
616 4241 936 4331 ovato-oblonga,
965 4239 1093 4312 intima
1121 4237 1377 4329 tapetiolum

159 4367 312 4458 longum
332 4366 472 4438 alatum
490 4367 732 4455 decumantia
753 4388 874 4458 usque
886 4367 934 4438 ad
945 4365 1145 4438 decimetra
1154 4365 1224 4437 tria
1232 4365 1356 4457 longa,

159 4493 354 4586 superiora
368 4493 525 4581 minora,
536 4494 695 4567 breviter
708 4494 884 4586 petiolata
899 4498 965 4566 aut
978 4492 1137 4582 sessilis,
1159 4493 1287 4565 omnia
1305 4491 1357 4565 in-

159 4621 364 4714 aequaliter
401 4623 466 4691 aul
503 4619 943 4714 subduplicato-crenala,
972 4620 1357 4710 relicuom-venosa,

158 4768 309 4844 rugosa,
329 4745 454 4820 nervis
473 4747 647 4820 tertiariis
666 4770 782 4842 prope
806 4747 959 4842 paribus
979 4748 1182 4820 intervallis
1202 4747 1300 4821 inter
1318 4769 1358 4822 sc

1103 4885 1138 4938 go
