3574 5454
892 562 1102 634 ..88-

397 777 553 848 extracti
568 777 693 850 tenuis
705 777 986 852 consistentiam
1001 778 1227 872 inspissetur
1235 784 1271 853 et
1280 778 1417 871 liquori
1433 780 1610 874 primum

398 903 548 977 defluxo
569 903 832 978 admisceatur.

506 1031 797 1125 spissitudinem
813 1034 913 1126 quod
929 1033 1060 1107 attinet
1071 1038 1331 1124 extractorum,
1345 1038 1506 1128 quatuor
1516 1055 1609 1126 gra-

398 1159 468 1230 dus
490 1159 784 1251 distinguuntur.
810 1161 985 1234 Extracta
1005 1167 1132 1234 sunt:‘

505 1282 618 1362 llnirlo
637 1287 715 1360 sive
735 1287 876 1380 liquida
903 1317 950 1352 =
976 1288 1163 1364 densitate
1185 1289 1368 1364 tincturae
1389 1287 1607 1383 spissioris,

505 1413 630 1491 tonulo
653 1445 699 1478 =
722 1415 907 1490 densitate
926 1418 1050 1490 mellis
1071 1417 1256 1505 recentis;
1275 1416 1508 1510 mellagines,

506 1541 624 1643 spissa
648 1572 695 1605 =
719 1562 816 1633 quae
836 1544 1051 1636 refrigerata
1071 1545 1211 1618 effundi
1231 1548 1432 1638 nequeunt,

506 1669 603 1746 sicca
627 1701 674 1734 =
696 1670 735 1742 in
754 1671 945 1763 pulverem
963 1672 1177 1766 redigenda.

506 1797 565 1870 Ad
585 1797 730 1870 siccum
748 1797 967 1890 rediguntur
986 1804 1163 1890 extracta,
1185 1801 1217 1874 si
1234 1801 1292 1874 ad
1312 1799 1606 1873 consistentiam

399 1925 613 2019 spissorum
643 1930 855 2018 evaporata,
892 1947 1007 2020 super
1033 1927 1181 2020 patinas
1213 1928 1469 2020 porcellaneas
1494 1925 1606 2000 tenui

398 2057 516 2126 strato
537 2073 716 2146 expansa,
736 2053 775 2125 in
793 2053 904 2126 furno
925 2053 1122 2127 siccatorio
1137 2059 1410 2149 temperaturae
1427 2055 1501 2128 400
1519 2076 1602 2127 non

398 2181 590 2254 excedenti
613 2187 862 2273 exponuntur.

507 2309 684 2381 Extracta
702 2308 756 2381 sic
777 2309 875 2381 dicta
894 2308 1129 2382 narcotica
1150 2307 1296 2382 suntin
1315 2329 1451 2400 genere
1471 2310 1606 2402 spissa

400 2435 599 2510 servanda.
635 2435 684 2510 Ut
717 2457 805 2509 vero
832 2441 1004 2530 prompte
1028 2436 1211 2510 informa
1239 2437 1404 2530 pulveris
1435 2437 1606 2531 expediri

402 2569 552 2655 queant,
580 2585 708 2636 eorum
727 2568 815 2656 pars
840 2585 927 2654 una,
959 2586 1045 2637 cum
1065 2565 1211 2658 aequali
1237 2566 1401 2656 pondere
1423 2565 1605 2639 Sacohari

399 2691 524 2764 Laetis
534 2691 716 2784 pulverali
734 2691 860 2764 intime
876 2693 1003 2782 mixta,
1023 2693 1097 2765 leni
1111 2692 1233 2766 calore
1253 2693 1426 2766 siccetur.
1444 2693 1602 2767 Pondus

399 2819 649 2892 exsiccatione
684 2818 916 2911 deperditum
949 2818 1076 2892 addito
1111 2819 1300 2893 Saccharo
1327 2821 1454 2905 Laetis
1494 2821 1601 2894 resti-

398 2950 536 3019 tuatur.

508 3072 701 3164 Eiusmodi
717 3074 869 3147 extracti
885 3074 1073 3168 quantitas
1088 3074 1204 3168 duplo
1216 3074 1339 3167 major
1350 3075 1599 3168 dispensetur,

400 3222 514 3293 quam
544 3220 642 3294 quae
671 3223 695 3274 a
722 3201 867 3275 medico
896 3203 1016 3275 forma
1043 3201 1197 3274 extracti
1226 3201 1339 3294 spissi
1367 3203 1602 3296 praescripta

402 3327 522 3401 luerit.

509 3455 684 3529 Extracta
702 3457 777 3530 sint
795 3458 922 3530 odoris
943 3462 981 3530 et
999 3457 1146 3550 saporis
1167 3455 1365 3549 peculiaris
1381 3458 1600 3532 medicami-

399 3604 502 3673 num,
541 3604 561 3656 e
601 3583 738 3678 quibus
768 3589 958 3678 parantur,
1007 3604 1249 3677 empyreuma
1295 3606 1342 3658 ne
1389 3585 1600 3674 redoleant,

398 3709 557 3784 metallis
575 3711 758 3804 imprimis
779 3733 895 3805 cupro
916 3734 963 3786 ne
983 3712 1060 3785 sint
1079 3711 1283 3804 inquinata.

505 3838 700 3912 Mucedine
721 3843 897 3932 corrupta
915 3839 1141 3931 rejiciantur.

506 3965 708 4039 Serventur
726 3966 765 4039 in
784 3967 885 4039 vasis
905 3966 1000 4040 bene
1021 3966 1140 4059 tectis,
1161 3968 1243 4041 loco
1263 3967 1396 4060 frigido
1415 3967 1524 4042 sicco.

402 4385 904 4496 Eoedracmm
913 4383 1236 4497 Aconum
1252 4384 1598 4498 radicis.

397 4607 498 4699 Rpe:
534 4603 677 4682 nautea
697 4605 838 4682 dccciii
859 4605 1070 4705 policrates

941 4740 1141 4829 praeconata
1161 4735 1348 4831 pampano
1517 4736 1599 4808 500
