3502 5454
914 543 1123 615 „45-

481 752 720 862 dulcium
747 755 1091 863 carboniourn
1118 758 1560 899 praecipitatum.

527 942 655 1016 Pulvis
672 943 792 1032 albus
809 945 1059 1037 crystallinus,
1076 945 1359 1034 subtilissimus,
1375 947 1413 1020 in
1429 969 1532 1040 aqua
1545 947 1634 1019 fere

420 1070 639 1160 insolubilis
659 1072 698 1144 in
718 1072 825 1145 acido
844 1073 984 1146 acelino
1005 1072 1122 1146 diluto
1138 1095 1224 1146 curn
1239 1074 1520 1148 effervescentia
1539 1097 1633 1168 per-

421 1201 514 1273 fecte
548 1199 771 1286 solvendus;
801 1200 938 1274 solutio
969 1200 1119 1292 ucetica,
1149 1222 1236 1275 curn
1256 1203 1446 1276 ammonio
1476 1202 1633 1276 oxalico

421 1330 575 1416 tentata,
596 1328 847 1402 sedimentum
867 1325 996 1402 album
1015 1327 1268 1420 crystallinum
1288 1330 1410 1403 elficit.

532 1453 626 1528 Cum
656 1476 756 1546 aqua
785 1455 975 1529 destillata
994 1461 1195 1548 quassatus
1225 1456 1410 1550 liquorem
1428 1457 1633 1550 praebeat,

423 1583 485 1674 qui
504 1581 665 1656 filtratus
695 1583 838 1657 nullam
866 1584 926 1656 vel
955 1583 1104 1657 nonnisi
1129 1585 1305 1676 exiguam
1322 1585 1553 1658 reactionem
1573 1584 1634 1656 al-

423 1709 582 1783 calinam
620 1710 770 1784 exhibet
812 1715 849 1784 et
885 1711 934 1783 ad
974 1711 1116 1784 siccum
1158 1717 1387 1804 evaporatus
1426 1711 1635 1805 paululum

425 1839 621 1911 dumtaxat
639 1837 778 1911 residui
796 1839 979 1932 relinquit.

532 1965 676 2038 Solutio
697 1987 843 2058 aquosa
863 1987 933 2060 ope
950 1966 1046 2040 acidi
1064 1962 1336 2057 hydrochlorici
1357 1968 1501 2055 effecta,
1522 1989 1636 2059 aqua

424 2092 733 2184 hydrosulfurata
760 2115 808 2167 ne
834 2098 998 2167 mutetur
1026 2099 1063 2166 et
1087 2093 1333 2187 superaddita
1362 2095 1556 2168 ammonia
1586 2116 1638 2166 ac

426 2221 615 2294 ammonio
635 2221 818 2295 sulfurato
839 2222 1090 2296 sedimentum
1109 2241 1157 2294 ne
1178 2221 1353 2314 deponat.

532 2347 657 2422 Pulvis
677 2348 898 2444 dentifricius
918 2349 1030 2422 aldus.

607 2596 841 2707 Caloiurn
868 2600 1215 2708 sorbonicum
1242 2632 1453 2742 purum.

533 2804 663 2877 Pulvis
703 2804 828 2894 albus
868 2805 1117 2896 crystallinus
1156 2805 1436 2895 subtilissimus
1475 2804 1638 2897 saporis

425 2951 568 3023 expers
596 2930 636 3003 in
665 2953 765 3024 aqua
791 2931 1014 3020 insolubibs,
1043 2933 1112 3022 cui,
1141 2933 1173 3006 si
1202 2953 1288 3005 curn
1309 2954 1354 3006 ea
1373 2931 1637 3025 quassaveriS,

424 3059 654 3132 reactionem
671 3058 869 3132 alcalinarn
888 3081 936 3132 ne
951 3060 1100 3151 tribuat,
1119 3082 1214 3134 neve
1230 3059 1319 3153 quid
1333 3059 1489 3133 solubile
1506 3059 1637 3132 cedat

535 3186 678 3260 Solulio
700 3207 785 3259 curn
806 3187 1078 3280 quinquaginta
1092 3188 1263 3281 partibus
1279 3209 1400 3281 aquae
1416 3186 1638 3261 destillatae

427 3318 463 3387 et
491 3315 696 3387 sufficiente
718 3315 925 3407 quantitate
951 3315 1046 3388 acidi
1066 3315 1338 3408 hydrocblorici
1366 3320 1509 3408 parata,
1540 3313 1637 3386 dein

427 3442 619 3514 arnrnonia
656 3447 835 3533 saturata,
884 3466 969 3517 curn
1009 3443 1199 3516 ammonio
1238 3442 1383 3516 oxalico
1422 3442 1636 3516 excedente

426 3570 572 3661 largum
597 3571 883 3663 praecipitatum
912 3572 1034 3644 elficit.
1063 3572 1211 3664 Liquor‚
1242 3570 1490 3643 asedimento
1510 3569 1633 3642 filtra-

426 3699 527 3772 tione
565 3705 775 3793 separatus
812 3699 933 3771 natrio
976 3698 1233 3791 phosphorico
1282 3701 1318 3770 et
1356 3701 1442 3788 post
1477 3695 1635 3786 longius

427 3827 608 3919 temporis
627 3827 867 3900 intervallum
885 3847 933 3899 ne
951 3828 1133 3899 turbetur.

539 3953 653 4028 Calcii
679 3954 865 4027 carbonici
891 3953 1032 4028 solutio
1061 3951 1345 4045 hydrochlorica
1365 3973 1466 4043 aqua
1489 3950 1631 4042 hydro-

427 4083 610 4156 sulsurata
649 4104 695 4155 ne
734 4083 914 4170 turbetur,
952 4103 1046 4154 neve
1084 4079 1275 4154 ammonia
1312 4078 1460 4170 adjecta
1499 4077 1630 4151 addito

429 4210 617 4283 ammonio
665 4209 973 4302 hydrosulfurato
1022 4207 1305 4301 praecipitatum
1349 4205 1515 4297 deponat
1561 4211 1631 4278 aut

428 4336 584 4409 viridem
604 4337 768 4410 colorem
787 4338 930 4410 induat.

538 4463 681 4537 Solulio
698 4484 843 4556 aquosa
859 4465 894 4555 (1
907 4465 1000 4555 ;50),
1019 4485 1090 4556 ope
1106 4462 1201 4536 acidi
1216 4460 1336 4534 nitrici
1356 4458 1464 4532 diluti
1483 4465 1629 4552 parata,

428 4591 585 4685 limpida
604 4597 756 4664 maneat
784 4590 864 4664 sive
884 4592 917 4663 ei
935 4592 1095 4683 baryum
1115 4589 1297 4678 nitricurn,
1327 4589 1406 4662 sive
1427 4590 1628 4680 argentum

428 4719 601 4793 nitricum
621 4717 822 4790 addideris,
975 4765 976 4770 =
