3574 5454
873 539 1116 614 -158-

512 755 549 826 Si
571 754 707 826 solutio
722 755 816 828 Kalii
837 758 1022 830 carbonici
1043 757 1150 830 acido
1171 759 1346 830 suliiirico
1364 758 1478 831 diluto
1499 767 1597 833 satu·

401 887 482 954 rata
516 904 629 974 super
658 883 863 956 miscellam
900 906 944 956 ex
978 907 1053 958 uno
1083 886 1271 958 volumina
1305 886 1401 958 acidi
1435 888 1596 961 sulfunci

402 1011 629 1082 concontrati
671 1017 707 1082 et
739 1013 886 1103 aequati
925 1013 1131 1104 quantitate
1169 1013 1255 1086 feni
1294 1015 1459 1088 sulfurici
1487 1016 1598 1088 soluti

402 1143 571 1230 paratam
586 1138 797 1226 affunditur,
815 1162 858 1211 eo
874 1142 997 1233 plano,
1014 1163 1088 1233 quo
1107 1141 1271 1232 liquores
1286 1142 1382 1214 inter
1396 1164 1437 1214 sa
1454 1144 1596 1216 contin·

403 1273 504 1358 guut
526 1287 621 1338 zona
640 1267 859 1340 intermedia
877 1269 984 1342 tusca
1002 1290 1049 1341 ne
1071 1269 1258 1361 adpareat.

511 1393 656 1466 Katium
677 1395 924 1484 carbonicum,
953 1417 1022 1489 ope
1047 1396 1143 1468 acidi
1170 1396 1444 1488 hydrochlorici
1474 1417 1597 1489 super·

404 1521 630 1594 abundantis
651 1522 816 1596 solutum
837 1528 874 1595 ot
893 1525 940 1596 ad
959 1523 1162 1616 perfectam
1190 1523 1394 1596 siccitatem
1425 1545 1597 1616 evapora-

405 1655 496 1736 tum,
507 1648 701 1722 residuum
711 1651 899 1742 praebeat,
912 1653 1013 1743 quod
1028 1651 1134 1724 acido
1149 1651 1434 1744 hydrochlorico
1450 1651 1598 1725 humec-

403 1781 522 1850 tatum
541 1777 578 1848 in
599 1799 699 1869 aqua
718 1777 905 1852 destillata
921 1780 1070 1872 penitus
1091 1780 1266 1854 solvatur.
1289 1777 1431 1851 Solutio
1446 1779 1599 1851 obtenta

404 1925 471 1976 nec
492 1926 591 1995 aqua
610 1905 912 1997 hydrosulsurata
932 1928 1002 1979 nec
1023 1908 1213 1980 ammonia
1242 1912 1278 1981 et
1307 1907 1495 1979 ammonio
1525 1909 1598 1979 sui-

403 2033 534 2116 turato
554 2053 622 2105 noc
642 2034 757 2126 baryo
777 2035 908 2107 uitrico
930 2039 1102 2108 mutetur.

514 2159 710 2234 Continuat
729 2163 767 2234 in
794 2167 942 2236 centum
962 2163 1130 2255 pactibus
1146 2164 1342 2236 minimum
1364 2167 1492 2255 partes
1509 2165 1598 2235 tut-5

405 2287 500 2361 Kalii
512 2289 709 2378 carbonici,
722 2295 948 2383 quapropter
959 2290 1248 2383 decignammata
1258 2289 1332 2363 duo
1344 2289 1602 2382 salispcrfecte

404 2416 534 2489 siccati
555 2417 602 2489 ad
613 2417 808 2489 minimum
825 2417 1040 2491 centimetra
1055 2416 1185 2490 cubica
1198 2417 1327 2509 viginti
1342 2421 1427 2490 octo
1447 2421 1484 2490 et
1502 2422 1601 2490 octo-

405 2545 572 2617 decimas
593 2544 674 2636 ejus
699 2551 825 2638 panes
848 2545 954 2636 (i8·8
981 2545 1066 2635 CC.)
1096 2544 1293 2618 solutionis
1319 2543 1601 2617 alcalimetricac

408 2673 669 2746 decinonnalis
693 2678 931 2761 consumant,
946 2680 988 2746 ut
1005 2674 1165 2765 perfecte
1187 2677 1410 2745 saturentur.

514 2803 687 2873 Servetur
705 2822 796 2874 vase
816 2801 954 2893 optimc
975 2803 1114 2874 clausu.

513 2945 645 3019 solutio
673 2947 875 3018 arscnicolis
894 2945 1050 3018 Fowleri.
1073 2945 1233 3042 Syrticus
1255 2945 1353 3018 litet.

572 3322 784 3432 liaiium
811 3325 1158 3431 carbonicum
1185 3323 1431 3432 solutum.

747 3554 898 3655 Liquor
920 3553 1030 3631 Kalii
1052 3552 1269 3631 carbonioi.

404 3750 504 3841 Rpc:
545 3745 640 3824 Ktiii
660 3742 845 3824 sarbonici
867 3747 950 3848 puri
1004 3755 1206 3844 qrammota
1226 3755 1358 3820 centon
1529 3750 1602 3820 100

542 3875 661 3976 Aquae
682 3873 892 3953 dostiiiatae
946 3882 1145 3973 qrammota
1166 3875 1319 3948 ducato.
1525 3876 1603 3948 uuo

514 4006 635 4078 Solve.
657 4005 797 4097 Liquor
816 4005 974 4078 filtratus
994 4004 1172 4097 ponderis
1193 4003 1356 4096 specifici
1376 4003 1424 4075 sit
1448 4001 1547 4074 1·33.

735 4362 945 4470 iiaiium
973 4361 1277 4470 chioricun.

515 4589 687 4679 Crystalli
708 4588 920 4661 lamollarcs
940 4588 999 4659 vol
1019 4587 1318 4672 tabulaeformos‚
1341 4585 1545 4674 decolores,
1566 4586 1602 4657 in

406 4739 504 4808 aqua
523 4716 661 4788 fervida
681 4715 797 4788 multo
824 4713 968 4786 facilius
997 4732 1110 4804 quarn
1143 4711 1284 4804 frigida,
1309 4711 1347 4783 in
1372 4711 1505 4804 spiritu
1528 4711 1602 4784 vini
