3576 5454
892 505 1130 578 -048—

402 723 530 794 metris
551 721 692 793 cubicis
714 720 845 794 decem
866 721 934 812 (10
947 715 1020 818 CC)
1041 720 1165 808 saluti,
1187 721 1307 793 donec
1322 723 1449 812 guttae
1465 718 1606 812 aliquot

402 848 665 935 chloroiormii,
685 868 771 919 cum
789 847 959 920 miscella
993 852 1281 939 conquassatae,
1302 845 1468 920 colorem
1499 870 1602 920 msa·

402 997 510 1049 ceum
538 996 615 1049 non
643 975 804 1067 amplius
824 981 1114 1050 evanescentem
1135 975 1299 1048 trahunt.

890 1315 1122 1460 Species.

510 1539 748 1613 Substantiae
778 1539 827 1612 ad
856 1540 1002 1632 species
1028 1539 1218 1633 pacandas
1248 1540 1485 1613 adhibendae
1515 1560 1601 1612 con·

401 1668 560 1741 cidendo
580 1667 640 1740 vel
657 1667 847 1760 raspanda
867 1666 926 1740 vel
946 1667 1210 1740 contundendo
1232 1667 1437 1760 aequaliter
1455 1668 1603 1740 commi·

401 1801 573 1869 nuantur.
588 1795 717 1868 Pulvis
734 1795 906 1867 subtilior
917 1795 1207 1868 comminuendo
1219 1800 1323 1868 ortus
1337 1801 1603 1886 ammoneatur,

401 1924 475 1997 nisi
490 1924 571 2016 ejus
587 1923 801 1996 commixtio
818 1923 1048 2016 praescripta
1067 1923 1126 2011 sil,
1148 1944 1223 2015 qua
1243 1923 1283 1996 in
1299 1945 1390 1997 casu
1405 1923 1488 2016 ejus
1504 1924 1603 1996 modi

403 2051 549 2144 species
578 2056 663 2125 ante
694 2051 1017 2143 dispensationem
1039 2053 1330 2143 conquassanda
1350 2073 1482 2126 rursus
1503 2073 1601 2125 com-

403 2178 620 2251 miscendae
636 2184 735 2252 sunt.
902 2151 907 2166 ⁸

512 2306 571 2379 lld
609 2306 880 2399 cataplasmata
922 2307 1090 2398 paranda
1126 2307 1272 2400 species
1319 2306 1367 2379 ad
1414 2307 1603 2400 pulverem

406 2455 582 2526 grossum
600 2433 772 2525 redigant
818 2491 825 2507 .

757 2755 974 2900 Species
995 2755 1274 2865 Althaeae.

407 2981 509 3075 Rpe:
544 2977 725 3057 luliarum
745 2977 917 3057 Althaeae
971 2987 1176 3078 yrummuta
1194 2979 1287 3052 milda
1509 2981 1604 3052 1000

544 3103 689 3184 Radiais
708 3104 881 3185 Althaeae
935 3113 1139 3204 yrammata
1159 3107 1348 3204 quingenta
1532 3107 1604 3178 500

607 3293 622 3324 „
709 3232 921 3338 idquirlliaa
1029 3241 1233 3332 quammulta
1253 3234 1399 3308 ducenta
1417 3238 1450 3304 et

1214 3361 1475 3460 quinquaqinta
1534 3361 1605 3434 u50

545 3487 688 3567 llam
709 3489 842 3569 llalvac
924 3496 1127 3589 qrammata
1148 3497 1292 3564 centum.
1536 3491 1605 3562 100
1756 3457 1757 3532 l

518 3615 681 3690 Concisa
701 3623 738 3691 el
757 3619 958 3694 commixta
977 3641 1098 3692 serva.

700 3939 917 4084 Species
943 3945 1323 4052 amaricantes,

407 4163 512 4257 Rpe:
547 4159 686 4242 llarlaa
705 4160 884 4241 absinthii

605 4349 620 4380 „
709 4288 889 4369 Cantauril
910 4289 1060 4369 minaris

545 4417 695 4496 tuntas
711 4416 1040 4498 armanalanam
1087 4419 1134 4492 aa
1148 4427 1350 4517 yrummata
1364 4423 1499 4492 centum
1532 4421 1601 4492 100

544 4543 724 4622 laliacum
745 4545 886 4625 Tritolii
907 4545 1028 4625 tarint

392 4713 396 4722 ·
546 4668 841 4752 matusalam
860 4675 1046 4754 aromatici
