3502 5454
624 563 835 634 ,65-

530 843 930 1023 Colophonium.

238 1098 325 1171 Pini
365 1101 523 1193 specieS,
556 1102 727 1195 inprimis
762 1102 878 1176 Pinus
909 1103 1055 1178 Larum
1090 1107 1260 1182 Poirct
1295 1115 1331 1184 et

132 1223 242 1296 Pinus
272 1225 438 1299 sdvestris
474 1227 607 1318 Linn,
653 1230 808 1303 arbores
849 1231 1048 1324 indigenae
1091 1235 1326 1310 notissimae.

135 1351 330 1448 Coniserao.
353 1352 565 1430 Abiaiineae.

234 1480 376 1553 Resina
397 1483 479 1556 oleo
499 1483 790 1560 Terebinthinae
821 1508 867 1558 ex
895 1493 974 1561 toto
1003 1488 1169 1563 liberata.
1201 1492 1330 1566 Massa

129 1609 232 1698 dura,
253 1611 395 1702 fragilis
411 1611 654 1706 lriabilisque,
669 1615 833 1688 fractura
851 1614 1113 1706 laticonclrata,
1129 1619 1328 1710 splendore

127 1739 200 1808 lere
221 1737 350 1826 vitreo,
380 1741 504 1813 colore
531 1742 643 1833 vulgo
672 1742 909 1833 ssavo-fusco,
939 1743 1103 1837 limpida,
1132 1746 1328 1838 pellucido,

127 1865 324 1958 amorpha.

234 1992 276 2066 In
309 1993 444 2066 balneo
478 2015 599 2086 aquae
629 1995 905 2089 Colophonium
938 1999 1122 2092 liquorem
1156 2007 1329 2076 tenacem

125 2120 323 2212 limpidum
353 2121 475 2210 efficit,
506 2122 569 2214 qui
598 2124 720 2216 magis
750 2125 972 2200 fervefactus
1001 2149 1160 2220 vapores
1186 2130 1327 2222 ponde-

126 2269 235 2321 rosos
270 2248 388 2336 albos
423 2250 550 2323 odoris
583 2251 778 2324 balsamici
812 2252 955 2325 emittit.
996 2253 1129 2328 Calore
1174 2259 1249 2332 60⁰
1291 2257 1329 2329 in

124 2376 291 2468 pondere
320 2377 468 2467 aequali
498 2383 535 2452 et
564 2380 717 2472 spiritus
747 2378 824 2451 vini
858 2385 894 2452 et
927 2380 1024 2453 acidi
1062 2383 1190 2456 acetici
1228 2384 1328 2457 lente

124 2503 239 2576 solvit
285 2559 293 2575 .
1118 2511 1123 2522 '

235 2647 482 2744 Emplastrum
503 2649 740 2724 odloesivum.
760 2650 1006 2746 Emplastrum
1022 2653 1216 2751 Diachpioo
1238 2679 1327 2728 com·

121 2781 293 2873 positum.
315 2776 561 2872 Emplastrum
582 2777 734 2851 Meliloti.
756 2779 999 2874 Eonplastrum
1021 2805 1247 2877 oooperoceum.

447 3097 643 3210 dorion
670 3099 1017 3210 uosoartttoo.

241 3321 370 3396 Croton
402 3323 562 3396 [dicterio
602 3325 805 3412 Bennett,
851 3325 973 3398 frutex
1008 3324 1253 3396 arboresceos
1288 3326 1326 3396 in

127 3452 261 3526 insulis
293 3451 505 3540 AntillaniS,
545 3453 764 3545 praesertim
801 3451 1101 3526 Bahamensibns
1140 3472 1325 3524 crescens

127 3578 418 3675 Euphorbioceoe.

236 3708 371 3781 Cortex
400 3709 520 3782 trunci
547 3714 583 3781 et
601 3731 792 3782 ramorum
812 3709 975 3782 siccatus
999 3707 1098 3780 sistit
1117 3709 1328 3800 fragmenta

127 3835 329 3908 convoluta
348 3839 413 3908 aut
432 3836 690 3925 canaliculato,
704 3838 924 3929 plerumque
944 3835 1070 3907 minus
1097 3856 1210 3926 quam
1230 3837 1324 3909 deoi-

127 3967 290 4036 metrum
299 3963 414 4053 longa
425 3965 461 4034 et
471 3961 729 4036 centimetrum
744 3964 829 4053 lata,
840 3983 960 4036 unum
971 3962 1019 4034 ad
1030 3961 1106 4034 duo
1116 3962 1328 4036 millimetra

127 4088 669 4181 crassa,pe1idermatetenui,
695 4094 803 4164 entus
823 4091 935 4182 vongo
965 4088 1195 4177 candicante,
1223 4090 1326 4162 rimis

126 4216 337 4290 decussatis
372 4216 528 4304 sulcato,
563 4237 676 4310 saepe
706 4216 787 4308 jam
819 4218 956 4310 partim
989 4218 1155 4309 delapsa
1193 4217 1327 4290 cortice

124 4345 217 4418 locis
238 4343 439 4419 denudatis
461 4343 598 4417 coloris
617 4365 637 4417 e
657 4345 778 4436 griseo
793 4345 852 4418 vel
867 4345 1049 4418 subviridi
1063 4344 1170 4433 lusci,
1189 4345 1328 4437 pariter

123 4473 264 4546 rimoso
276 4476 341 4545 aut
350 4471 672 4563 longitudinaliter
680 4493 831 4564 rugoso,
847 4472 1011 4545 fractura
1026 4473 1184 4564 aequali,
1201 4473 1326 4545 odoris

123 4600 324 4694 pecuniaris
341 4600 542 4686 aromatici,
564 4599 711 4692 saporis
727 4599 845 4672 arnari
862 4605 899 4672 et
914 4599 1116 4672 aromatici.
1133 4598 1326 4672 Accensus

124 4735 249 4802 cortex
268 4728 415 4800 inimum
435 4727 577 4820 spargit
596 4727 740 4800 Moschi
761 4727 877 4800 odore
899 4749 1059 4819 gravem.
1090 4725 1133 4799 In
1160 4726 1327 4798 sectione

176 4866 372 4918 Pharmacopooa
