3502 5454
658 626 707 636 --
738 583 822 657 XIII
853 594 902 636 ’-

181 802 442 889 commercio
467 808 681 898 occurant,
713 803 814 886 hinc
853 801 1059 916 plurimae
1089 801 1254 887 facilius
1278 803 1375 911 emi,

181 995 310 1081 quam
335 975 377 1052 et
406 963 576 1080 quidem
617 967 788 1051 nonnisi
826 962 1062 1078 majoribus
1100 966 1306 1082 impensis
1336 973 1378 1050 et

181 1131 334 1216 miuori
358 1128 562 1246 qualitate
586 1131 628 1214 ln
653 1127 834 1215 officinis
858 1127 1217 1244 pharmaceuticis
1240 1129 1375 1243 parari

181 1301 368 1410 possunt,
393 1291 603 1378 formulae
622 1291 677 1378 ad
695 1290 884 1407 paranda
905 1299 1158 1407 praeparata
1180 1292 1377 1378 chemioa

180 1458 348 1544 nonnisi
370 1484 610 1572 perpaucae
632 1452 984 1572 praescribendae
1009 1465 1137 1542 erant

288 1623 354 1708 Εο
381 1622 522 1734 magis
546 1620 791 1708 consultum
813 1617 1038 1707 videbatur
1057 1623 1203 1708 omnia
1218 1620 1378 1707 indicia

180 1794 220 1872 et
260 1784 439 1894 criteria,
486 1784 642 1902 quibus
683 1785 871 1898 cujusvis
915 1786 1155 1902 praeparati
1209 1785 1376 1898 insigne

182 1951 396 2065 proprium
422 1957 465 2036 et
485 1948 699 2064 pecuIIare
723 1948 998 2063 dIgnoscitur,
1024 1975 1255 2036 recensere.
1279 1950 1377 2035 Hac

124 2173 128 2188 ·
180 2111 232 2200 de
257 2141 389 2201 causa
409 2115 454 2200 in
477 2112 760 2230 descriptione
779 2114 967 2228 cujusvis
984 2115 1235 2230 praeparati,
1261 2111 1377 2229 quod

180 2287 268 2365 arte
298 2279 496 2366 chemiea
518 2278 724 2394 provenit,
766 2306 817 2365 eo
847 2276 994 2365 ordine
1019 2274 1293 2394 progreditur,
1331 2286 1378 2362 ut

180 2442 318 2557 primo
350 2441 441 2556 ejus
472 2443 739 2530 characteres
772 2441 1182 2558 physiognomonici
1212 2449 1255 2527 et
1277 2470 1375 2556 pro·

180 2607 377 2720 prietates
404 2607 625 2722 physicae,
654 2604 809 2722 quibus
835 2607 1073 2721 insignitur,
1098 2612 1375 2720 exponantur,

182 2779 272 2856 tum
290 2772 528 2858 reactiones
547 2770 782 2880 chemicae,
800 2767 955 2886 quibus
972 2767 1183 2878 identitas,
1194 2767 1375 2884 qualitas

180 2962 231 3020 ac
254 2935 465 3050 quantitas
490 2961 570 3020 nec
597 2963 686 3020 non
712 2933 958 3049 incorrupta
993 2933 1214 3046 integritas
1252 2960 1376 3048 prae-

181 3099 316 3213 parati
339 3096 605 3212 dijudicatur,
623 3149 629 3160 ·
646 3095 832 3213 denique
860 3100 923 3184 sic
962 3097 1100 3185 dictae
1139 3097 1376 3182 mactiones

180 3261 406 3376 specificae
435 3260 785 3378 praescribantur,
827 3259 982 3378 quibus
1021 3260 1195 3348 definita
1231 3260 1377 3376 aliqua

181 3424 418 3512 substantia
440 3425 585 3540 detegi
608 3437 649 3513 et
687 3424 958 3513 determInari
996 3431 1147 3540 potest,
1180 3452 1266 3539 qua
1290 3453 1376 3511 non

180 3616 274 3674 raro
318 3599 616 3705 praeparatum
654 3589 920 3705 inquinatum
962 3590 1053 3675 sive
1092 3587 1375 3675 adulteratum

180 3753 223 3838 in
245 3755 506 3841 commercio
530 3754 722 3840 occurrit.

290 3919 444 4033 Aequa
477 3917 746 4004 solicitudine
779 3916 1116 4004 medIcaminum
1150 3945 1203 4004 ex
1242 3944 1375 4030 regno

183 4079 416 4194 vegetabiIi
471 4090 513 4167 et
567 4081 741 4168 animali
794 4081 1144 4197 deprompturum
1201 4079 1378 4193 physio-

181 4245 362 4360 graphia
395 4257 438 4331 et
470 4259 596 4332 notae
620 4247 1077 4360 pharmacognosticae
1111 4253 1376 4360 exponuntur

181 4418 310 4524 atque
334 4410 558 4525 qualitates
583 4408 926 4518 determinantur,
952 4406 1105 4524 quibus
1128 4409 1171 4494 in
1196 4407 1375 4494 officinis

180 4583 348 4689 praesto
373 4601 466 4659 esse
491 4571 655 4660 debent.
