<?xml version="1.0" encoding="UTF-8"?>
<!DOCTYPE html PUBLIC "-//W3C//DTD XHTML 1.0 Transitional//EN"
    "http://www.w3.org/TR/xhtml1/DTD/xhtml1-transitional.dtd">
<html xmlns="http://www.w3.org/1999/xhtml" xml:lang="en" lang="en">
 <head>
  <title>
</title>
<meta http-equiv="Content-Type" content="text/html;charset=utf-8" />
  <meta name='ocr-system' content='tesseract 3.04.00' />
  <meta name='ocr-capabilities' content='ocr_page ocr_carea ocr_par ocr_line ocrx_word'/>
</head>
<body>
  <div class='ocr_page' id='page_1' title='image "./pharmacopoeaaus00unkngoog_0308.png"; bbox 0 0 3576 5454; ppageno 0'>
   <div class='ocr_carea' id='block_1_1' title="bbox 678 582 921 656">
    <p class='ocr_par' dir='ltr' id='par_1_1' title="bbox 678 582 921 656">
     <span class='ocr_line' id='line_1_1' title="bbox 678 582 921 656; baseline -0.008 0"><span class='ocrx_word' id='word_1_1' title='bbox 678 582 921 656; x_wconf 65' lang='grc'>-081-</span> 
     </span>
    </p>
   </div>
   <div class='ocr_carea' id='block_1_2' title="bbox 150 797 1402 1513">
    <p class='ocr_par' dir='ltr' id='par_1_2' title="bbox 205 797 741 1002">
     <span class='ocr_line' id='line_1_2' title="bbox 341 797 741 900; baseline -0.005 -22"><span class='ocrx_word' id='word_1_2' title='bbox 341 798 482 878; x_wconf 82' lang='lat' dir='ltr'>Seniue</span> <span class='ocrx_word' id='word_1_3' title='bbox 502 797 741 900; x_wconf 69' lang='lat' dir='ltr'>strupra-tn</span> 
     </span>
     <span class='ocr_line' id='line_1_3' title="bbox 205 951 290 1002; baseline 0 0"><span class='ocrx_word' id='word_1_4' title='bbox 205 951 290 1002; x_wconf 89' lang='lat' dir='ltr'>cum</span> 
     </span>
    </p>

    <p class='ocr_par' dir='ltr' id='par_1_3' title="bbox 204 1051 977 1279">
     <span class='ocr_line' id='line_1_4' title="bbox 341 1051 977 1155; baseline -0.003 -26"><span class='ocrx_word' id='word_1_5' title='bbox 341 1051 498 1155; x_wconf 75' lang='lat' dir='ltr'>Spiritus</span> <span class='ocrx_word' id='word_1_6' title='bbox 518 1053 596 1131; x_wconf 79' lang='lat' dir='ltr'>vni</span> <span class='ocrx_word' id='word_1_7' title='bbox 616 1055 841 1132; x_wconf 78' lang='lat' dir='ltr'>cencentrrti</span> <span class='ocrx_word' id='word_1_8' title='bbox 896 1080 922 1128; x_wconf 85' lang='lat' dir='ltr'>s.</span> <span class='ocrx_word' id='word_1_9' title='bbox 946 1081 977 1154; x_wconf 85' lang='lat' dir='ltr'>q.</span> 
     </span>
     <span class='ocr_line' id='line_1_5' title="bbox 204 1183 849 1279; baseline 0.002 -24"><span class='ocrx_word' id='word_1_10' title='bbox 204 1184 242 1256; x_wconf 91' lang='lat' dir='ltr'>in</span> <span class='ocrx_word' id='word_1_11' title='bbox 262 1188 444 1278; x_wconf 80' lang='lat' dir='ltr'>apparatu</span> <span class='ocrx_word' id='word_1_12' title='bbox 464 1183 679 1279; x_wconf 89' lang='lat' dir='ltr'>depulsorio</span> <span class='ocrx_word' id='word_1_13' title='bbox 698 1187 849 1276; x_wconf 79' lang='lat' dir='ltr'>paretur</span> 
     </span>
    </p>

    <p class='ocr_par' dir='ltr' id='par_1_4' title="bbox 150 1308 1402 1513">
     <span class='ocr_line' id='line_1_6' title="bbox 340 1308 1402 1410; baseline -0.002 -23"><span class='ocrx_word' id='word_1_14' title='bbox 340 1309 510 1387; x_wconf 75' lang='lat' dir='ltr'>&#39;tinctura</span> <span class='ocrx_word' id='word_1_15' title='bbox 530 1308 704 1410; x_wconf 74' lang='lat' dir='ltr'>perderis</span> <span class='ocrx_word' id='word_1_16' title='bbox 759 1318 997 1409; x_wconf 72' lang='lat' dir='ltr'>qrammatam</span> <span class='ocrx_word' id='word_1_17' title='bbox 1017 1317 1150 1384; x_wconf 75' lang='lat' dir='ltr'>aarum</span> <span class='ocrx_word' id='word_1_18' title='bbox 1326 1315 1402 1386; x_wconf 96' lang='grc'>100</span> 
     </span>
     <span class='ocr_line' id='line_1_7' title="bbox 150 1423 618 1513; baseline -0.002 -2"><span class='ocrx_word' id='word_1_19' title='bbox 150 1425 151 1428; x_wconf 37' lang='grc'><em>“</em></span> <span class='ocrx_word' id='word_1_20' title='bbox 205 1445 246 1513; x_wconf 91' lang='lat' dir='ltr'>ut</span> <span class='ocrx_word' id='word_1_21' title='bbox 266 1423 444 1512; x_wconf 86' lang='lat' dir='ltr'>Tinctura</span> <span class='ocrx_word' id='word_1_22' title='bbox 462 1437 618 1512; x_wconf 85' lang='lat' dir='ltr'>Aconiti.</span> 
     </span>
    </p>
   </div>
   <div class='ocr_carea' id='block_1_3' title="bbox 387 1727 1241 2017">
    <p class='ocr_par' dir='ltr' id='par_1_5' title="bbox 387 1727 1241 2017">
     <span class='ocr_line' id='line_1_8' title="bbox 387 1727 1241 1867; baseline 0 -29"><span class='ocrx_word' id='word_1_23' title='bbox 387 1727 787 1839; x_wconf 66' lang='lat' dir='ltr'>Pindum</span> <span class='ocrx_word' id='word_1_24' title='bbox 823 1729 1241 1867; x_wconf 68' lang='lat' dir='ltr'>Semelam.</span> 
     </span>
     <span class='ocr_line' id='line_1_9' title="bbox 523 1936 1101 2017; baseline 0.003 -3"><span class='ocrx_word' id='word_1_25' title='bbox 523 1936 713 2015; x_wconf 79' lang='lat' dir='ltr'>&#39;tinctura</span> <span class='ocrx_word' id='word_1_26' title='bbox 746 1936 873 2016; x_wconf 91' lang='lat' dir='ltr'>Nucis</span> <span class='ocrx_word' id='word_1_27' title='bbox 906 1939 1101 2017; x_wconf 87' lang='lat' dir='ltr'>vomicae.</span> 
     </span>
    </p>
   </div>
   <div class='ocr_carea' id='block_1_4' title="bbox 208 2113 1406 2314">
    <p class='ocr_par' dir='ltr' id='par_1_6' title="bbox 208 2113 1406 2314">
     <span class='ocr_line' id='line_1_10' title="bbox 314 2113 1406 2210; baseline 0.003 -25"><span class='ocrx_word' id='word_1_28' title='bbox 314 2113 470 2186; x_wconf 86' lang='lat' dir='ltr'>Paretur</span> <span class='ocrx_word' id='word_1_29' title='bbox 504 2137 523 2187; x_wconf 90' lang='lat' dir='ltr'>e</span> <span class='ocrx_word' id='word_1_30' title='bbox 559 2114 707 2188; x_wconf 90' lang='lat' dir='ltr'>Semine</span> <span class='ocrx_word' id='word_1_31' title='bbox 728 2115 901 2207; x_wconf 79' lang='lat' dir='ltr'>Strychni</span> <span class='ocrx_word' id='word_1_32' title='bbox 928 2117 1122 2210; x_wconf 84' lang='lat' dir='ltr'>pulverate</span> <span class='ocrx_word' id='word_1_33' title='bbox 1157 2121 1198 2190; x_wconf 92' lang='lat' dir='ltr'>ut</span> <span class='ocrx_word' id='word_1_34' title='bbox 1232 2115 1406 2189; x_wconf 78' lang='lat' dir='ltr'><strong>Tinctum</strong></span> 
     </span>
     <span class='ocr_line' id='line_1_11' title="bbox 208 2239 364 2314; baseline 0.013 -2"><span class='ocrx_word' id='word_1_35' title='bbox 208 2239 364 2314; x_wconf 83' lang='lat' dir='ltr'>Aconiti.</span> 
     </span>
    </p>
   </div>
   <div class='ocr_carea' id='block_1_5' title="bbox 499 2528 1126 2638">
    <p class='ocr_par' dir='ltr' id='par_1_7' title="bbox 499 2528 1126 2638">
     <span class='ocr_line' id='line_1_12' title="bbox 499 2528 1126 2638; baseline 0.002 -3"><span class='ocrx_word' id='word_1_36' title='bbox 499 2528 759 2637; x_wconf 79' lang='lat' dir='ltr'>&#39;linctura</span> <span class='ocrx_word' id='word_1_37' title='bbox 786 2528 1126 2638; x_wconf 75' lang='lat' dir='ltr'>valerianae.</span> 
     </span>
    </p>
   </div>
   <div class='ocr_carea' id='block_1_6' title="bbox 214 2735 1412 2936">
    <p class='ocr_par' dir='ltr' id='par_1_8' title="bbox 214 2735 1412 2936">
     <span class='ocr_line' id='line_1_13' title="bbox 326 2735 1412 2828; baseline 0 -22"><span class='ocrx_word' id='word_1_38' title='bbox 326 2735 481 2808; x_wconf 82' lang='lat' dir='ltr'>Paretur</span> <span class='ocrx_word' id='word_1_39' title='bbox 509 2755 529 2806; x_wconf 95' lang='lat' dir='ltr'>e</span> <span class='ocrx_word' id='word_1_40' title='bbox 548 2735 688 2809; x_wconf 85' lang='lat' dir='ltr'>Radice</span> <span class='ocrx_word' id='word_1_41' title='bbox 708 2736 926 2809; x_wconf 78' lang='lat' dir='ltr'>valerianae</span> <span class='ocrx_word' id='word_1_42' title='bbox 959 2737 1153 2828; x_wconf 84' lang='lat' dir='ltr'>pulvereta</span> <span class='ocrx_word' id='word_1_43' title='bbox 1171 2740 1212 2809; x_wconf 92' lang='lat' dir='ltr'>ut</span> <span class='ocrx_word' id='word_1_44' title='bbox 1236 2735 1412 2808; x_wconf 70' lang='lat' dir='ltr'>tinctura</span> 
     </span>
     <span class='ocr_line' id='line_1_14' title="bbox 214 2863 393 2936; baseline 0 -1"><span class='ocrx_word' id='word_1_45' title='bbox 214 2863 393 2936; x_wconf 82' lang='lat' dir='ltr'>Aurantii.</span> 
     </span>
    </p>
   </div>
   <div class='ocr_carea' id='block_1_7' title="bbox 534 3148 1083 3258">
    <p class='ocr_par' dir='ltr' id='par_1_9' title="bbox 534 3148 1083 3258">
     <span class='ocr_line' id='line_1_15' title="bbox 534 3148 1083 3258; baseline 0.005 -3"><span class='ocrx_word' id='word_1_46' title='bbox 534 3148 794 3256; x_wconf 74' lang='lat' dir='ltr'>&#39;l&#39;inctura</span> <span class='ocrx_word' id='word_1_47' title='bbox 819 3148 1083 3258; x_wconf 84' lang='lat' dir='ltr'>Vaniilae.</span> 
     </span>
    </p>
   </div>
   <div class='ocr_carea' id='block_1_8' title="bbox 215 3352 1412 3959">
    <p class='ocr_par' dir='ltr' id='par_1_10' title="bbox 215 3352 1412 3959">
     <span class='ocr_line' id='line_1_16' title="bbox 215 3352 1411 3455; baseline -0.003 -26"><span class='ocrx_word' id='word_1_48' title='bbox 215 3357 314 3451; x_wconf 89' lang='lat' dir='ltr'>Rpe:</span> <span class='ocrx_word' id='word_1_49' title='bbox 336 3352 652 3434; x_wconf 74' lang='lat' dir='ltr'>Frnrtastrniiiae</span> <span class='ocrx_word' id='word_1_50' title='bbox 664 3353 823 3431; x_wconf 78' lang='lat' dir='ltr'>minutim</span> <span class='ocrx_word' id='word_1_51' title='bbox 836 3353 970 3433; x_wconf 75' lang='lat' dir='ltr'>anan</span> <span class='ocrx_word' id='word_1_52' title='bbox 987 3363 1188 3455; x_wconf 72' lang='lat' dir='ltr'>qrammata</span> <span class='ocrx_word' id='word_1_53' title='bbox 1209 3353 1329 3426; x_wconf 72' lang='lat' dir='ltr'>decem</span> <span class='ocrx_word' id='word_1_54' title='bbox 1364 3355 1411 3426; x_wconf 90' lang='lat'>10</span> 
     </span>
     <span class='ocr_line' id='line_1_17' title="bbox 325 3484 652 3577; baseline -0.009 -19"><span class='ocrx_word' id='word_1_55' title='bbox 325 3484 548 3577; x_wconf 84' lang='lat' dir='ltr'>Conquassa</span> <span class='ocrx_word' id='word_1_56' title='bbox 567 3503 652 3555; x_wconf 91' lang='lat' dir='ltr'>cum</span> 
     </span>
     <span class='ocr_line' id='line_1_18' title="bbox 352 3604 1412 3712; baseline -0.006 -28"><span class='ocrx_word' id='word_1_57' title='bbox 352 3604 510 3712; x_wconf 76' lang='lat' dir='ltr'>Spiritus</span> <span class='ocrx_word' id='word_1_58' title='bbox 529 3608 605 3685; x_wconf 76' lang='lat' dir='ltr'>Virri</span> <span class='ocrx_word' id='word_1_59' title='bbox 626 3606 851 3686; x_wconf 67' lang='lat' dir='ltr'>concenturi</span> <span class='ocrx_word' id='word_1_60' title='bbox 905 3609 1077 3706; x_wconf 73' lang='lat' dir='ltr'>qrammis</span> <span class='ocrx_word' id='word_1_61' title='bbox 1096 3615 1240 3681; x_wconf 84' lang='lat' dir='ltr'>centum.</span> <span class='ocrx_word' id='word_1_62' title='bbox 1337 3609 1412 3681; x_wconf 92' lang='grc'>100</span> 
     </span>
     <span class='ocr_line' id='line_1_19' title="bbox 324 3735 1412 3832; baseline -0.004 -22"><span class='ocrx_word' id='word_1_63' title='bbox 324 3737 455 3830; x_wconf 83' lang='lat' dir='ltr'>Digere</span> <span class='ocrx_word' id='word_1_64' title='bbox 483 3759 550 3832; x_wconf 90' lang='lat' dir='ltr'>per</span> <span class='ocrx_word' id='word_1_65' title='bbox 582 3737 781 3826; x_wconf 83' lang='lat' dir='ltr'>octiduum,</span> <span class='ocrx_word' id='word_1_66' title='bbox 811 3736 961 3829; x_wconf 83' lang='lat' dir='ltr'>saepius</span> <span class='ocrx_word' id='word_1_67' title='bbox 995 3737 1181 3828; x_wconf 80' lang='lat' dir='ltr'>agitando²</span> <span class='ocrx_word' id='word_1_68' title='bbox 1211 3742 1291 3810; x_wconf 84' lang='lat' dir='ltr'>turn</span> <span class='ocrx_word' id='word_1_69' title='bbox 1320 3735 1412 3824; x_wconf 83' lang='lat' dir='ltr'>cola,</span> 
     </span>
     <span class='ocr_line' id='line_1_20' title="bbox 217 3864 936 3959; baseline -0.003 -19"><span class='ocrx_word' id='word_1_70' title='bbox 217 3866 409 3941; x_wconf 89' lang='lat' dir='ltr'>residuum</span> <span class='ocrx_word' id='word_1_71' title='bbox 428 3866 569 3938; x_wconf 83' lang='lat' dir='ltr'>fortiter</span> <span class='ocrx_word' id='word_1_72' title='bbox 588 3864 753 3959; x_wconf 79' lang='lat' dir='ltr'>exprime</span> <span class='ocrx_word' id='word_1_73' title='bbox 774 3868 811 3938; x_wconf 93' lang='lat' dir='ltr'>et</span> <span class='ocrx_word' id='word_1_74' title='bbox 829 3864 936 3938; x_wconf 85' lang='lat' dir='ltr'>filtra.</span> 
     </span>
    </p>
   </div>
   <div class='ocr_carea' id='block_1_9' title="bbox 681 4147 972 4259">
    <p class='ocr_par' dir='ltr' id='par_1_11' title="bbox 681 4147 972 4259">
     <span class='ocr_line' id='line_1_21' title="bbox 681 4147 972 4259; baseline 0 -1"><span class='ocrx_word' id='word_1_75' title='bbox 681 4147 972 4259; x_wconf 74' lang='lat' dir='ltr'>&#39;l&#39;rccirisei</span> 
     </span>
    </p>
   </div>
   <div class='ocr_carea' id='block_1_10' title="bbox 220 4358 1418 4833">
    <p class='ocr_par' dir='ltr' id='par_1_12' title="bbox 220 4358 1418 4833">
     <span class='ocr_line' id='line_1_22' title="bbox 327 4358 1416 4450; baseline 0 -18"><span class='ocrx_word' id='word_1_76' title='bbox 327 4359 518 4432; x_wconf 88' lang='lat' dir='ltr'>Trochisci</span> <span class='ocrx_word' id='word_1_77' title='bbox 536 4359 574 4430; x_wconf 92' lang='lat' dir='ltr'>in</span> <span class='ocrx_word' id='word_1_78' title='bbox 594 4379 729 4448; x_wconf 84' lang='lat' dir='ltr'>genere</span> <span class='ocrx_word' id='word_1_79' title='bbox 759 4358 930 4450; x_wconf 77' lang='lat' dir='ltr'>sequenti</span> <span class='ocrx_word' id='word_1_80' title='bbox 958 4358 1072 4429; x_wconf 88' lang='lat' dir='ltr'>modo</span> <span class='ocrx_word' id='word_1_81' title='bbox 1101 4362 1293 4450; x_wconf 84' lang='lat' dir='ltr'>parentur:</span> <span class='ocrx_word' id='word_1_82' title='bbox 1324 4360 1416 4434; x_wconf 90' lang='lat' dir='ltr'>Sub-</span> 
     </span>
     <span class='ocr_line' id='line_1_23' title="bbox 220 4483 1418 4579; baseline -0.001 -18"><span class='ocrx_word' id='word_1_83' title='bbox 220 4488 356 4562; x_wconf 77' lang='lat' dir='ltr'>stantia</span> <span class='ocrx_word' id='word_1_84' title='bbox 384 4486 614 4579; x_wconf 81' lang='lat' dir='ltr'>praescripte</span> <span class='ocrx_word' id='word_1_85' title='bbox 651 4505 736 4557; x_wconf 89' lang='lat' dir='ltr'>cum</span> <span class='ocrx_word' id='word_1_86' title='bbox 771 4485 976 4558; x_wconf 78' lang='lat' dir='ltr'>sufficiente</span> <span class='ocrx_word' id='word_1_87' title='bbox 1028 4483 1196 4556; x_wconf 84' lang='lat' dir='ltr'>sacchari</span> <span class='ocrx_word' id='word_1_88' title='bbox 1236 4487 1418 4578; x_wconf 86' lang='lat' dir='ltr'>pulverati</span> 
     </span>
     <span class='ocr_line' id='line_1_24' title="bbox 220 4611 1415 4708; baseline -0.003 -18"><span class='ocrx_word' id='word_1_89' title='bbox 220 4615 424 4708; x_wconf 81' lang='lat' dir='ltr'>quantitate</span> <span class='ocrx_word' id='word_1_90' title='bbox 444 4613 569 4685; x_wconf 86' lang='lat' dir='ltr'>intime</span> <span class='ocrx_word' id='word_1_91' title='bbox 590 4611 884 4701; x_wconf 82' lang='lat' dir='ltr'>commisceatur,</span> <span class='ocrx_word' id='word_1_92' title='bbox 903 4617 944 4685; x_wconf 92' lang='lat' dir='ltr'>ut</span> <span class='ocrx_word' id='word_1_93' title='bbox 959 4611 1192 4703; x_wconf 84' lang='lat' dir='ltr'>singulorum</span> <span class='ocrx_word' id='word_1_94' title='bbox 1213 4614 1415 4686; x_wconf 88' lang='lat' dir='ltr'>trochiscu-</span> 
     </span>
     <span class='ocr_line' id='line_1_25' title="bbox 220 4739 1417 4833; baseline -0.003 -17"><span class='ocrx_word' id='word_1_95' title='bbox 220 4766 303 4816; x_wconf 89' lang='lat' dir='ltr'>rum</span> <span class='ocrx_word' id='word_1_96' title='bbox 320 4743 408 4815; x_wconf 90' lang='lat' dir='ltr'>inde</span> <span class='ocrx_word' id='word_1_97' title='bbox 434 4740 647 4813; x_wconf 82' lang='lat' dir='ltr'>effectorum</span> <span class='ocrx_word' id='word_1_98' title='bbox 674 4739 823 4833; x_wconf 89' lang='lat' dir='ltr'>pondus</span> <span class='ocrx_word' id='word_1_99' title='bbox 850 4740 897 4812; x_wconf 89' lang='lat' dir='ltr'>sit</span> <span class='ocrx_word' id='word_1_100' title='bbox 921 4739 1136 4831; x_wconf 82' lang='lat' dir='ltr'>grammatis</span> <span class='ocrx_word' id='word_1_101' title='bbox 1164 4740 1286 4814; x_wconf 92' lang='lat' dir='ltr'>unius.</span> <span class='ocrx_word' id='word_1_102' title='bbox 1322 4740 1417 4813; x_wconf 90' lang='lat' dir='ltr'>Tum</span> 
     </span>
    </p>
   </div>
   <div class='ocr_carea' id='block_1_11' title="bbox 0 0 1792 5454">
    <p class='ocr_par' dir='ltr' id='par_1_13' title="bbox 0 0 1792 5454">
     <span class='ocr_line' id='line_1_26' title="bbox 0 0 1792 5454; baseline 0 0"><span class='ocrx_word' id='word_1_103' title='bbox 0 0 1792 5454; x_wconf 95' lang='lat' dir='ltr'> </span> 
     </span>
    </p>
   </div>
  </div>
 </body>
</html>
