3576 5454
679 537 834 612 -nel
876 577 922 596 -

488 751 664 860 Radix
691 751 1107 896 Sarsaparillac.

488 1001 753 1102 Sarsaparilla
786 1002 837 1079 de
871 1001 1106 1079 Honduras

307 1195 472 1269 Smilacis
494 1197 639 1288 species
662 1195 853 1268 nonsatis
882 1201 973 1268 nota
991 1194 1186 1267 Anrericae
1207 1193 1395 1266 centralis.

200 1319 386 1396 Lilioceae.
409 1322 608 1396 Smiloccoe.

306 1451 466 1524 Radices
500 1452 744 1525 secundariae
778 1452 1012 1544 praelongae,
1047 1448 1180 1522 calami
1214 1447 1397 1540 scriptorii

199 1583 240 1651 ut
258 1578 460 1670 plurimum
471 1580 649 1667 crassitie,
670 1584 814 1670 teretes
834 1579 984 1669 flexiles
1006 1583 1217 1650 extrorsum
1236 1575 1395 1666 longitu-

200 1705 369 1780 diualiter
388 1705 715 1800 striato-sulcatae,
736 1707 872 1780 coloris
893 1706 1054 1778 obscure
1074 1703 1169 1776 lusci
1188 1708 1253 1775 aul
1272 1701 1395 1775 fusco-

198 1835 318 1926 grisei,
338 1837 484 1928 saporis
504 1836 617 1928 paulo
637 1835 903 1926 mucilaginosi,
925 1835 1057 1908 deinde
1077 1833 1187 1907 acris.

307 1962 349 2034 ln
370 1965 535 2037 sectione
547 1969 764 2038 transversa
773 1965 935 2036 annulus
945 1963 1208 2036 fasciculorum
1218 1979 1399 2033 vasorum

200 2090 360 2182 clausae,
386 2091 500 2164 radiis
521 2092 788 2165 medullaribus
807 2113 884 2164 non
904 2092 1119 2182 instructus
1138 2109 1311 2183 porosuS,
1333 2087 1397 2158 ila·

199 2239 356 2290 vescens
372 2224 438 2291 aut
453 2219 614 2310 citrinuS,
628 2218 824 2291 includens
846 2217 1049 2291 medullam
1069 2217 1243 2310 amplam,
1264 2215 1399 2300 albara,

201 2344 451 2418 circumdatus
482 2351 540 2418 est
569 2351 686 2418 strato
719 2343 881 2417 corticali
908 2345 1083 2434 salmosa,
1113 2345 1199 2417 albo
1224 2344 1283 2415 vel
1309 2341 1396 2414 sub-

200 2471 358 2562 rubellO,
389 2473 530 2545 circiter
559 2473 673 2565 duplo
701 2472 842 2545 latiore.
883 2472 960 2544 Sul]
990 2469 1239 2562 microscopio
1269 2469 1397 2541 obser·

199 2599 346 2671 vareris
368 2600 522 2672 cellulas
543 2599 821 2672 endodermidis
842 2599 1022 2691 simplicis
1050 2600 1089 2670 in
1109 2598 1253 2671 ambitu
1273 2595 1400 2670 annuli

201 2727 292 2818 ligni
310 2727 349 2798 in
368 2727 532 2800 sectione
562 2733 775 2800 transversa
802 2727 1021 2800 formatore
1050 2726 1238 2818 quadrati,
1266 2745 1400 2816 parum

202 2855 333 2927 atsere
353 2855 596 2947 aequabiliter
613 2855 848 2944 incrassatae,
870 2860 906 2926 et
924 2854 1178 2947 parenehyma
1198 2850 1305 2925 strati
1325 2871 1403 2923 cor·

200 2981 317 3054 ticalis
338 2983 599 3074 medullaeque
620 2987 769 3055 scatens
790 2981 915 3073 amylo
936 2983 1153 3076 composito.

312 3109 496 3182 Dccoctum
517 3109 779 3205 Sarcaparilloe
803 3109 1027 3203 compositum
1045 3108 1187 3202 fortius
1211 3111 1242 3176 ct
1270 3104 1402 3176 *mitius

204 3233 337 3330 Species
356 3235 564 3334 Lignorum.

559 3558 732 3668 lladix
756 3556 1051 3668 Sassairas.

590 3768 763 3873 Lignum
796 3767 1017 3847 Sassafras.

314 3941 501 4030 Saasosras
519 3945 708 4042 officinalis
727 3946 758 4018 N
767 3967 851 4037 eeS,
887 3947 998 4018 arbor
1018 3946 1209 4018 American
1228 3943 1401 4017 borealis.

203 4069 415 4144 Louraceoc.

314 4199 435 4271 Radix
467 4201 600 4288 valida,
633 4221 795 4289 ramosa,
829 4199 988 4292 lignosa,
1018 4199 1165 4288 siccata,
1198 4197 1235 4270 in
1275 4196 1404 4269 frustis

206 4325 329 4398 variae
343 4327 608 4418 magnitudinis
625 4327 842 4420 cylindricis,
858 4327 1044 4400 interdum
1059 4325 1247 4412 flexuosis,
1267 4323 1403 4397 cortice

205 4452 468 4544 crassiusculo,
494 4455 607 4543 molli,
628 4455 819 4544 suberoso,
839 4454 984 4545 friabili,
1005 4459 1113 4527 extus
1133 4453 1286 4542 rimoso,
1308 4451 1403 4524 cine·

205 4601 280 4664 reo,
300 4581 402 4655 intus
423 4605 442 4654 e
467 4583 581 4656 rubro
596 4582 713 4674 fusca,
733 4582 833 4675 ligno
856 4583 939 4672 levi,
969 4581 1082 4670 molli,
1115 4580 1404 4672 snbspongios0,

205 4707 340 4800 lidepal
361 4711 539 4784 subfusco
560 4717 622 4782 aut
643 4709 780 4803 pallide
809 4709 981 4800 rubente,
1006 4709 1044 4782 in
1069 4714 1264 4800 segmento
1285 4713 1404 4780 trans·
