3576 5454
682 587 732 595 --
768 546 841 618 199
875 587 925 596 —-

206 763 440 854 Camphorae
452 763 591 855 similis
603 764 749 856 saporis
766 764 968 851 aromatici,
978 763 1157 856 ponderis
1170 764 1408 856 spec.0·90tl.

205 890 249 963 In
280 891 411 983 spiritu
448 891 524 964 vini
564 896 803 964 concentrato
834 891 1005 963 facillime
1035 891 1202 978 solubile,
1232 889 1408 982 temporis

205 1024 326 1090 tractu
345 1018 574 1112 stearopteni
594 1019 765 1111 exiguam
788 1018 1034 1112 quantitatem
1055 1018 1216 1110 deponit.
1310 1018 1312 1024 '

313 1145 557 1218 [alimentum
576 1146 1046 1243 capanule-compleol·alum.
1082 1145 1302 1243 {inpacatum
1328 1167 1407 1217 aro·

206 1273 385 1346 malicum.

595 1594 779 1704 tllcum
806 1594 1034 1704 Santali.

318 1819 346 1890 E
367 1819 469 1910 ligno
490 1817 632 1892 Soatali
652 1818 724 1892 olli
747 1817 898 1914 (Lina.)
918 1825 1101 1912 paratum,
1122 1819 1255 1892 coloris
1275 1818 1410 1911 pallide

208 1946 303 2034 llavi,
323 1946 450 2018 odoris
470 1946 578 2019 valde
600 1946 803 2036 aromatici,
825 1947 970 2039 saporis
991 1945 1181 2020 aromatici
1200 1945 1409 2038 pungentia,

208 2074 384 2166 ponderis
400 2095 499 2166 spec.
514 2076 642 2163 0·960,
658 2075 856 2147 coactionis
875 2074 1042 2147 neutrius
1062 2078 1127 2146 aut
1143 2074 1256 2166 paulo
1271 2074 1410 2164 acidae,

209 2201 246 2272 in
265 2202 396 2295 spiritu
416 2202 491 2274 vini
513 2207 753 2275 concenlrato
774 2203 879 2274 facile
901 2201 1068 2274 solubile.

215 2528 511 2639 oleum
536 2526 864 2664 sabama
884 2529 1410 2638 aethereum.

561 2753 695 2857 Allylii
713 2753 1051 2857 Sulfooyanidum.

319 2949 347 3020 E
370 2950 579 3022 seminibus
601 2950 751 3042 Sinapis
772 2951 912 3042 nigrae,
934 2951 982 3023 ob
1003 2951 1087 3023 oleo
1106 2950 1238 3043 pingui
1259 2971 1408 3042 expres·

212 3076 318 3149 sione
357 3077 523 3150 liberatis
565 3082 750 3169 paratum,
799 3077 848 3149 sit
893 3099 1027 3150 recens
1077 3078 1240 3167 decolor,
1289 3078 1409 3170 limpi-

211 3205 313 3294 dum,
345 3203 472 3277 odoris
508 3203 830 3295 penetrantissimi
859 3204 970 3294 acris
998 3203 1146 3296 saporis
1171 3204 1336 3292 urentis;
1370 3204 1410 3276 in

211 3336 294 3405 cute
312 3353 388 3424 qua
401 3331 640 3404 rubefaclens
662 3333 747 3422 agit.
768 3332 822 3404 Sit
840 3332 1022 3425 ponderis
1044 3352 1144 3425 spec.
1164 3331 1410 3419 rol—loa,

210 3459 282 3530 sub
303 3462 558 3551 temperatura
582 3458 680 3531 1480
709 3458 846 3531 ebullit.
867 3458 1004 3531 Facilie
1023 3459 1062 3531 in
1082 3459 1212 3550 spiritu
1231 3459 1305 3531 vini
1325 3480 1410 3531 con-

211 3590 379 3658 centrato
410 3588 448 3658 et
472 3585 511 3657 in
536 3586 697 3673 aethere,
717 3605 850 3676 parum
877 3585 916 3657 in
943 3607 1042 3678 aqua
1072 3584 1241 3670 solvitur;
1274 3584 1410 3658 solutio

211 3735 358 3806 aquosa
392 3712 465 3785 cito
495 3712 791 3804 decomponitur.
821 3712 955 3785 Oleum
983 3733 1051 3806 per
1078 3713 1226 3804 longius
1260 3717 1410 3805 tempus

209 3841 285 3914 luci
314 3840 538 3932 expositum,
568 3839 690 3913 induit
724 3841 887 3913 colorem
921 3840 1198 3914 rutilo-luscum
1237 3843 1274 3911 et
1314 3840 1411 3913 sedi-

210 3975 380 4041 mentum
401 3967 550 4040 sordide
572 3969 829 4041 aurantiacum
850 3968 1013 4061 deponit.

321 4094 454 4168 Guttae
475 4095 607 4168 decem
627 4096 700 4167 olei
719 4117 804 4168 cum
835 4096 997 4189 quinque
1019 4095 1244 4168 centimetris
1274 4094 1412 4167 cubicis

211 4225 308 4297 acidi
336 4223 503 4297 sulfurici
535 4223 766 4297 concontrati
800 4225 948 4313 mixtae,
989 4225 1214 4297 solutionem
1253 4222 1414 4294 efficiant

209 4351 417 4444 limpidum,
437 4351 498 4423 vix
518 4352 649 4425 autad
670 4373 860 4424 summum
880 4352 1016 4424 flavam
1035 4352 1249 4425 coloratam.

322 4481 496 4552 Servetur
514 4500 604 4552 vase
624 4480 720 4551 bene
748 4480 890 4569 claus0,
912 4479 959 4552 ab
980 4479 1073 4552 lucis
1094 4479 1247 4552 alacris
1272 4477 1413 4550 influxu

211 4613 409 4681 remotum.

320 4732 479 4829 Spiritus
499 4732 658 4830 Sinopis,
