3502 5454
276 1489 551 1620 Normae
585 1501 646 1620 et
678 1492 936 1661 regulae
969 1493 1319 1661 generales,

749 2023 790 2202 ς.
817 2112 849 2184 1.

311 2273 555 2346 Medicamina
577 2274 616 2354 in
635 2272 976 2368 pharmacopoeam
990 2277 1140 2366 recepta
1165 2273 1202 2344 in
1223 2271 1398 2344 omnibus

201 2401 516 2494 pharmacopoliis
557 2423 601 2474 ea
637 2402 761 2474 indole
799 2407 951 2494 praesto
992 2423 1079 2475 esse
1118 2403 1154 2472 ei
1192 2399 1399 2493 dispensari

203 2528 350 2617 debent,
382 2550 458 2620 qua
480 2529 622 2604 normis
651 2529 688 2602 in
708 2528 1012 2622 pharmacopoea
1041 2529 1220 2623 expositis
1249 2527 1398 2620 penitus

201 2655 442 2747 respondent.

308 2781 455 2874 Imperii
493 2784 747 2875 gubernacula
792 2784 829 2856 in
875 2785 999 2876 regnis
1037 2789 1150 2876 atque
1196 2783 1396 2876 provinciis

200 2910 431 2983 Teneniibus
467 2911 632 2984 delatum
662 2915 732 3000 est,
770 2913 913 2986 ratione
941 2912 1070 2985 habita
1096 2912 1331 2986 restrictionis
1360 2911 1397 2982 in
1457 3000 1462 3010 Ι

199 3039 515 3132 pharmacopoliis
535 3040 722 3113 ruralibus
743 3039 963 3129 commercii,
986 3060 1031 3112 ex
1052 3039 1208 3114 elencho
1221 3040 1395 3133 phanna-

200 3187 363 3260 copoeae
373 3167 532 3240 indicem
547 3168 833 3241 medicaminum
848 3169 898 3241 ini
912 3168 1151 3242 usitatiorum
1163 3188 1397 3261 componere,

200 3318 297 3388 quae
316 3297 355 3369 in
375 3295 558 3388 ejusmodi
582 3298 898 3391 pharmacopoliis
920 3297 1022 3372 omni
1049 3303 1217 3391 ternpore
1245 3300 1397 3390 praesto

200 3447 282 3498 esse
304 3424 453 3498 debent.

751 3639 787 3744 s.
814 3643 848 3717 n.

306 3806 545 3900 Praeparata,
581 3828 741 3899 quorum
774 3807 938 3880 formula
965 3808 1123 3900 parandi
1154 3808 1192 3880 in
1225 3807 1397 3900 pharma-

199 3955 343 4027 copoea
362 3935 531 4028 exposita
557 3941 623 4025 est,
653 3935 804 4008 nonnisi
834 3935 1044 4009 secundum
1072 3936 1171 4007 hanc
1199 3935 1398 4007 formulam
1510 3963 1511 3966 Ν

199 4082 330 4154 parare
350 4083 393 4134 ac
409 4062 628 4154 dispensare
648 4063 743 4136 licet.

757 4276 792 4379 s.
816 4283 849 4354 a.

307 4442 564 4533 Medicamina,
610 4466 707 4536 quae
740 4444 778 4517 in
811 4447 1156 4538 pharmacopoeam
1194 4467 1271 4519 non
1309 4451 1399 4518 suni

199 4573 349 4661 recepta
368 4574 534 4643 attamen
553 4572 698 4665 passim
723 4569 921 4646 amedicis
950 4575 1152 4666 praescribi
1181 4579 1219 4648 et
1246 4575 1333 4646 hinc
1361 4575 1398 4646 in

198 4697 513 4790 pharmacopoliis
533 4702 685 4791 praesto
707 4720 793 4772 esse
813 4699 948 4786 solent,
978 4699 1139 4792 optimae
1167 4701 1304 4774 indolis
1329 4722 1399 4774 nec
