3576 5454
686 587 926 660 -197-

206 807 243 879 in
264 804 403 878 massis
424 804 546 877 lorma
565 806 726 879 laterum
747 811 1006 897 angustorum,
1038 805 1174 878 eoloris
1196 803 1403 876 aurantiaci

207 936 274 1005 aut
291 932 615 1006 rubicundo-fusci
635 939 673 1008 et
692 933 806 1006 albidi
826 933 1015 1024 variegati,
1032 933 1404 1024 crystallino-granu-

205 1061 341 1149 losum,
362 1060 488 1134 odoris
510 1067 546 1135 et
566 1061 716 1154 saporis
736 1061 895 1135 seminis
915 1059 1138 1152 Myristicae.

314 1187 445 1260 Calore
479 1210 612 1262 versus
646 1189 731 1262 45⁰
770 1190 818 1262 ad
842 1189 1029 1282 liquorem
1058 1209 1077 1260 e
1106 1188 1213 1260 lusco
1233 1185 1399 1273 rubrum,

204 1337 284 1388 non
309 1316 420 1408 plane
448 1315 643 1409 limpidum
662 1315 846 1409 liquescit,
874 1316 915 1388 in
940 1314 1101 1401 aethere,
1123 1315 1254 1407 spiritu
1270 1313 1344 1386 vini
1365 1318 1402 1385 et

209 1441 474 1516 chloroformio
503 1443 661 1516 ferventi
692 1444 804 1536 plane
840 1443 1011 1531 solubile,
1041 1423 1280 1515 solummedo
1313 1441 1401 1512 resi·

206 1571 323 1644 duum
342 1571 599 1663 perexiguum,
629 1593 649 1643 e
681 1569 922 1664 paucissimis
943 1569 1056 1661 amyli
1090 1568 1226 1660 granis,
1262 1567 1405 1641 cellulis

206 1698 378 1771 discretis
413 1702 479 1770 aut
511 1697 702 1791 particulis
737 1697 833 1770 telae
869 1696 1023 1769 seminis
1057 1695 1268 1787 Myristicae
1303 1717 1403 1767 com-

204 1825 371 1918 positum
391 1825 618 1917 relinquens

600 2219 783 2328 tlloum
808 2216 1016 2332 (llirae.

313 2461 342 2533 E
357 2460 537 2535 fructibus
549 2460 864 2558 OleaeEuropoeoe
879 2461 1035 2554 (Linn.)
1047 2481 1114 2552 per
1125 2459 1406 2552 expressionem

204 2586 376 2680 frigidam
410 2589 604 2663 obtentum
638 2590 764 2662 oleum
801 2589 950 2681 pingue,
990 2588 1036 2659 ad
1071 2607 1187 2660 usum
1214 2585 1402 2659 internum

204 2715 355 2788 nonnisi
370 2715 616 2808 purissimum
631 2716 915 2805 admittendum,
927 2715 1063 2789 coloris
1079 2714 1166 2787 llari
1185 2713 1244 2786 rel
1259 2735 1279 2786 e
1293 2711 1401 2785 viridi

205 2843 303 2932 llari,
343 2842 494 2935 saporis
533 2842 646 2931 rnitiS,
683 2842 810 2916 odoris
848 2843 942 2916 levis
979 2841 1188 2935 peculiaris
1225 2840 1406 2933 ponderis

206 2969 372 3064 specifici
406 2969 713 3042 0·915-0·918.
754 2969 884 3043 Calore
923 2969 1067 3043 circiter
1105 2969 1182 3041 100
1223 2968 1408 3060 rigescere

209 3097 352 3190 incipit,
373 3099 496 3170 calore
512 3099 561 3170 0⁰
586 3098 635 3170 ad
649 3119 819 3170 massam
837 3097 999 3170 solidam
1018 3095 1225 3189 spissescit.

312 3224 445 3299 Partes
465 3225 679 3317 quindecim
699 3223 771 3297 olei
792 3244 876 3297 cum
906 3223 1078 3316 partibus
1109 3223 1256 3297 duabus
1286 3245 1407 3318 aquae

209 3359 247 3426 et
278 3352 399 3426 tribus
434 3352 531 3426 acidi
563 3351 685 3426 nitrici
723 3350 904 3423 fumantis
931 3350 1223 3443 conquassando
1257 3350 1407 3440 mixtae,

210 3481 374 3554 colorem
393 3481 549 3553 rubrum
569 3481 627 3553 vel
647 3480 798 3552 fuscum
818 3499 865 3550 ne
885 3479 1109 3570 producant.

314 3606 562 3703 Emplastrum
581 3607 816 3680 adhaesurum.
843 3603 960 3696 Erupl.
988 3605 1257 3678 Cantharidum.
1287 3603 1407 3700 Empl.

212 3733 388 3807 Cerussuc.
420 3733 535 3830 Empl.
560 3733 716 3807 Metitur.
743 3731 860 3828 Empl.
887 3732 1008 3804 trinit.
1041 3732 1157 3827 Empt
1186 3738 1409 3827 collocatum.

205 3861 448 3934 In'nimcutum
481 3861 746 3933 ammoniatam.
792 3842 912 3933 Oleum
941 3861 1209 3956 comploratum
1237 3865 1269 3930 et
1297 3858 1409 3956 Hpos·

206 3990 324 4084 epamr‘
339 3989 511 4083 soliorum
530 3996 672 4062 coctum.
699 3987 921 4087 Unguentum
940 3987 1151 4084 Diachplon.

463 4385 648 4494 tllcum
673 4383 792 4493 Pini
821 4384 1152 4494 Pumilionis.

318 4627 520 4700 Eramulis
541 4627 677 4701 tollatis
711 4627 800 4698 Pici
819 4627 1035 4699 Pumiliouis
1065 4624 1305 4723 (Haencke)
1343 4646 1412 4716 per

208 4753 494 4826 destillationem
513 4760 685 4847 paratum
706 4755 830 4828 oleum
855 4755 1083 4845 aethereum,
1106 4755 1155 4825 sit
1175 4752 1327 4824 decolor
1348 4756 1409 4823 aut
