3574 5454
678 589 917 663 -169—

516 802 746 943 Lignum
782 800 1062 939 ilnassinc.

306 1026 462 1115 Quassia
481 1049 607 1098 amara
625 1027 759 1119 Linm,
786 1028 909 1100 frutex
939 1031 1004 1100 aut
1027 1028 1227 1101 arbuscula
1245 1027 1388 1102 Ameri-

192 1177 257 1229 cae
276 1155 451 1248 tropicae.
474 1153 748 1228 meardenae.

298 1283 459 1376 Lignum
476 1284 599 1357 trunci
619 1290 656 1358 et
673 1306 866 1359 ramorum
888 1285 1063 1377 (Lignum
1083 1283 1267 1372 Quassiae
1288 1282 1388 1356 Suri-

191 1413 385 1501 namense)
410 1411 449 1482 in
478 1412 682 1502 segmentis
708 1409 930 1504 cylindrici's,
955 1410 1102 1504 pollicis
1129 1411 1177 1482 ad
1199 1433 1391 1483 summum

190 1538 332 1611 brachii
352 1538 611 1628 crassitudine,
641 1540 703 1612 vix
727 1540 983 1631 crassioribus
1012 1538 1234 1632 plerumque
1255 1539 1390 1611 cortice

190 1666 301 1756 tenni,
330 1687 448 1738 uinum
478 1666 665 1740 adunam
694 1673 730 1740 et
754 1667 950 1740 dimidium
974 1665 1230 1739 millimetrum
1250 1689 1389 1756 crasso,

190 1794 297 1866 facile
318 1793 528 1886 separabili,
549 1798 658 1866 extus
678 1793 786 1884 laevi,
811 1794 935 1886 griseo
957 1799 1021 1866 aut
1040 1793 1227 1884 subfusco
1248 1794 1392 1886 passim

191 1921 615 2014 nigrescentepunctam,
640 1921 780 1994 libroso
797 1921 966 2013 obtectis,
992 1920 1158 1995 albidum
1177 1922 1237 1995 vel
1252 1924 1390 1995 subila-

192 2069 360 2139 vescens
372 2047 461 2138 leve,
470 2049 576 2122 facile
588 2049 712 2140 fissile,
723 2049 885 2121 tenuiter
896 2049 1085 2138 fibrosum
1096 2049 1391 2138 tenacissimum,

192 2177 229 2248 in
269 2176 434 2248 sectione
467 2181 684 2249 transversa
716 2175 832 2249 radiis
870 2175 1139 2248 medullaribus
1168 2177 1390 2266 tenerrimis

193 2303 464 2397 approximatis
477 2302 702 2397 annulisque
711 2302 1029 2377 subconcentricis
1041 2303 1223 2395 angustis,
1234 2304 1391 2379 instruc·

192 2432 240 2504 tis
259 2453 440 2504 vasorum
459 2431 643 2524 aperturis
666 2429 887 2522 plerumque
907 2430 1005 2504 binis
1030 2437 1095 2504 aut
1118 2433 1235 2505 ternis
1261 2453 1389 2525 aggre-

192 2559 300 2652 gatis,
321 2560 391 2632 sub
411 2560 530 2631 forma
549 2561 773 2650 punctorum
794 2557 1015 2630 aibidorum.
1036 2559 1190 2651 Saporis
1216 2565 1272 2632 est
1291 2580 1391 2632 ama-

191 2687 340 2777 rissimi,
362 2687 427 2760 diu
445 2686 617 2759 faucibus
636 2685 839 2759 haerentis.

298 2813 461 2905 Lignum
473 2809 681 2885 Simorubae
696 2813 843 2885 excelsae
854 2817 866 2896 i
869 2811 900 2884 D
908 2812 974 2904 (1.),
987 2813 1130 2887 arboris
1142 2814 1324 2908 imprimis
1335 2817 1389 2890 in-

190 2941 362 3015 sularum
379 2940 507 3014 Indiae
528 2940 779 3032 occidentalis
800 2940 854 3014 sic
874 2940 1015 3014 dictum
1028 2940 1189 3032 Lignum
1209 2943 1391 3032 Quassiae

190 3069 437 3159 lamaicense,
457 3072 634 3162 prostans
653 3069 692 3141 in
713 3069 918 3160 segmentis
937 3068 1189 3161 validioribus
1211 3053 1391 3145 diametro

190 3216 312 3287 usque
333 3196 380 3268 ad
399 3195 471 3268 tria
490 3195 693 3269 decimetra
712 3201 748 3270 et
766 3197 871 3288 ultra,
892 3196 1028 3270 cortice
1058 3199 1106 3270 ad
1135 3220 1254 3272 unum
1278 3202 1390 3273 centi-

191 3330 354 3397 metrum
364 3328 503 3415 crasse,
525 3326 629 3415 duro,
649 3327 779 3420 rigid0,
800 3327 957 3419 lignosa,
972 3327 1194 3419 plerumque
1214 3333 1314 3402 arcte
1326 3330 1390 3401 ad-

191 3451 371 3525 haerente
408 3454 524 3545 tectiS,
560 3458 750 3527 caeterum
782 3475 919 3546 parum
952 3453 1126 3526 differens
1158 3474 1228 3526 nec
1257 3455 1392 3529 virtute

192 3578 338 3651 medica
370 3579 471 3671 ligno
502 3578 686 3668 Quassiae
716 3601 867 3653 amarae
897 3581 1044 3671 cedens
1079 3579 1190 3654 etiarn
1224 3581 1393 3656 adbiberi

192 3705 286 3796 licet
307 3727 355 3779 ne
375 3727 463 3779 vero
484 3707 707 3781 adhibeatur
725 3729 861 3782 rasura
879 3708 1036 3781 venalis,

303 3830 518 3906 meracium.

431 4157 659 4300 Lignum
688 4156 897 4265 Saniali
925 4157 1165 4267 rubrum.

301 4380 538 4477 Pleroearpus
552 4382 753 4455 santelinus
769 4383 892 4456 Linn.
914 4384 985 4473 fil,
1007 4385 1117 4458 arbor
1129 4385 1256 4459 Indiae
1271 4387 1391 4460 orien-

193 4507 290 4581 talis.
310 4506 575 4606 Leguminosae.
600 4508 877 4606 Popilianaeeae.

302 4636 494 4710 Duramen
512 4637 645 4728 munci,
665 4637 866 4711 liberatum
894 4660 917 4712 a
945 4639 1079 4713 cortice
1111 4645 1148 4712 et
1167 4640 1214 4713 ab
1235 4640 1393 4712 alburno

196 4762 328 4856 alnido,
343 4771 521 4857 prostans
532 4766 570 4837 in
583 4765 774 4840 codicibus
786 4772 822 4839 et
833 4767 1037 4858 segmentis
1047 4789 1114 4862 per
1124 4767 1395 4859 longitudinem
