3576 5454
869 532 1112 608 --918ω-ι

518 897 817 1010 Radia>
858 901 1469 1011 Beleauormae.

503 1155 640 1250 sltropa
659 1154 876 1227 Belladoaau
895 1155 995 1228 vide:
1016 1154 1120 1228 Folia
1139 1155 1384 1228 Belladoauae.

502 1319 625 1391 Radix
644 1319 1055 1410 susisornu-cylindnca,
1075 1341 1237 1408 ramosa,
1257 1319 1406 1393 sordide
1427 1319 1512 1392 alba
1531 1321 1587 1391 vel

393 1445 626 1538 ochroleuca‚
643 1469 811 1537 carnosa,
828 1446 1014 1519 siccatain
1025 1448 1227 1538 segmentis
1239 1446 1460 1538 cylindricis
1476 1468 1586 1539 saepe

392 1595 458 1665 per
475 1573 750 1665 longitudinem
770 1573 883 1662 fissis
922 1574 969 1646 ad
1000 1574 1239 1648 decimatrum
1269 1579 1306 1646 ct
1332 1573 1430 1646 ultra
1458 1573 1586 1665 longis,

392 1722 508 1773 unum
531 1701 579 1773 ad
595 1702 669 1774 duo
685 1702 901 1775 centimetra
917 1702 1065 1790 crassis
1083 1708 1190 1775 extus
1206 1701 1370 1794 cinereiS,
1386 1722 1453 1794 per
1471 1701 1583 1792 longi-

393 1827 559 1900 tudinem
578 1828 707 1902 leviter
731 1831 890 1921 rugosis
911 1835 975 1903 aut
999 1829 1249 1918 laeviusculiS‚
1280 1830 1380 1902 intus
1410 1829 1505 1902 albis
1526 1835 1587 1902 aut

393 1954 538 2046 albidis⁷
559 1955 743 2044 suduosis,
774 1958 1000 2030 infractura
1029 1956 1250 2048 subaequali
1277 1957 1469 2049 pulverem
1489 1957 1586 2029 emit·

393 2082 569 2170 tentibus,
594 2083 721 2156 odoris
747 2084 897 2171 nullius
928 2085 1073 2176 saporis
1098 2083 1200 2157 initio
1225 2083 1428 2174 subdulcia
1458 2081 1586 2156 deinde

393 2211 519 2298 amari,
539 2212 645 2284 acris,

505 2375 626 2449 Sectio
646 2381 871 2465 transversa,
892 2377 1077 2450 solutione
1093 2377 1173 2469 jodi
1192 2378 1406 2452 humectata
1430 2377 1586 2450 induens

398 2504 561 2576 colorem
576 2504 899 2592 atro-caeruleum,
914 2526 984 2578 nec
1005 2505 1152 2593 cortice,
1172 2527 1241 2578 nec
1269 2506 1370 2597 ligno
1395 2506 1586 2578 manifeste

397 2631 568 2703 radiatim
595 2631 734 2721 striata,
755 2631 943 2704 fasciculis
964 2632 1059 2723 'ligni
1086 2632 1227 2724 paucis
1258 2633 1410 2724 exiguis
1441 2630 1587 2718 citrinis

393 2759 554 2850 porosis,
601 2779 734 2831 versus
771 2759 908 2832 lineam
946 2760 1166 2833 cambialem
1204 2760 1409 2832 annulatim
1455 2779 1584 2852 appro-

396 2886 555 2978 ximatis,
602 2886 703 2958 intus
751 2887 906 2979 sparsis.
956 2886 1035 2979 Ope
1073 2887 1306 2979 microscopii
1345 2887 1587 2975 observantur

394 3015 587 3086 numerosi
601 3013 756 3102 utriculi,
772 3014 902 3107 repleti
916 3014 1067 3106 pulvere
1088 3014 1304 3105 crystallino
1327 3013 1431 3086 calcii
1446 3012 1585 3102 oxalici,

395 3141 431 3213 in
452 3141 746 3233 perenchymate
767 3142 891 3232 amylo
913 3140 1121 3232 composito
1141 3142 1228 3214 feto,

503 3303 679 3377 Fodiatur
694 3305 798 3377 radix
813 3305 964 3397 plantae
975 3305 1141 3377 florentis
1158 3311 1194 3378 et
1208 3304 1351 3377 fructus
1372 3304 1533 3397 gerentis
1552 3308 1585 3375 et

393 3431 538 3522 rejectis
567 3432 736 3524 partibus
765 3454 917 3524 quoquo
947 3433 1059 3505 modo
1089 3431 1235 3522 vitiatis,
1265 3431 1433 3506 celeriter
1452 3431 1584 3504 siccata

395 3565 502 3632 caute
521 3579 590 3630 nec
615 3559 713 3631 ultra
733 3581 874 3632 annum
893 3560 932 3631 in
951 3581 1041 3632 vase
1062 3559 1199 3651 optime
1229 3559 1358 3632 clauso
1387 3560 1470 3631 loco
1491 3560 1583 3632 sicco

395 3691 574 3759 servetur.

503 3851 624 3924 Radix
650 3851 804 3943 lignosa„
834 3857 955 3939 tenax,
980 3852 1143 3924 fractura
1171 3851 1321 3938 fibrosa,
1356 3851 1393 3923 in
1424 3850 1583 3923 sectione

395 3985 611 4053 transversa
637 3980 737 4071 ligno
765 3977 906 4067 cil1in0,
931 3979 1101 4052 radiatim
1122 3980 1251 4052 striato
1271 3979 1452 4050 instructa
1472 3997 1584 4068 acque

395 4130 438 4179 ac
458 4108 562 4180 radix
577 4129 662 4180 vere
683 4106 839 4179 collecta
859 4111 895 4178 et
916 4106 1064 4195 siccata,
1086 4112 1194 4180 extus
1215 4127 1346 4198 grosse
1366 4125 1516 4196 rugosa,
1536 4107 1550 4175 l
1574 4146 1583 4156 ·

393 4256 581 4323 scescens,
601 4234 765 4306 fractura
785 4233 1005 4322 subcornea,
1027 4234 1151 4325 amylo
1172 4234 1247 4306 fere
1269 4232 1420 4305 omnino
1442 4253 1583 4318 carens

393 4362 589 4455 rejiciatur.
