3576 5454
683 570 924 644 -181-

227 785 758 920 Morplemum
795 789 1382 922 hydrontum·

693 977 901 1060 cum.

308 1171 481 1262 crystalli
501 1171 716 1260 acicularcS‚
730 1175 877 1260 tenues,
899 1172 1042 1245 sericeo
1053 1172 1226 1264 nitenteS,
1248 1175 1397 1268 saporis

198 1299 396 1390 peramari,
409 1298 579 1372 chartam
595 1298 883 1391 exploratoriam
897 1319 976 1372 non
991 1304 1189 1390 mutantes,
1204 1304 1401 1376 solvuntur

198 1425 237 1498 in
284 1426 455 1518 partibus
493 1425 636 1499 circiter
674 1424 725 1497 ld
765 1445 885 1517 aquae
929 1425 1095 1518 frigidae,
1138 1427 1177 1499 in
1207 1429 1288 1522 pari
1325 1431 1400 1503 lere

199 1553 367 1645 pondere
414 1552 616 1641 bullientis,
664 1552 849 1625 difficilius
895 1552 934 1624 in
981 1553 1111 1646 spiritu
1158 1555 1246 1627 vini.
1286 1555 1399 1628 Ferro

198 1679 497 1772 sesquichlorato
536 1681 661 1755 soluto
700 1680 937 1754 humectatae
976 1681 1139 1754 colorem
1187 1683 1400 1756 caeruleum

197 1807 369 1898 induunt,
390 1807 497 1881 acido
516 1806 647 1882 uitrico
666 1806 883 1879 rubescunt.

308 1929 454 2008 Solutio
474 1956 629 2028 aquosa,
660 1933 852 2006 ammonia
879 1934 939 2007 vel
967 1935 1088 2008 nutrio
1115 1935 1400 2028 hydrooxydato

201 2063 326 2136 soluto
347 2062 488 2152 addito,
507 2060 794 2154 praecipitatum
823 2060 951 2134 album
979 2062 1141 2154 deponit,
1172 2064 1272 2154 quod
1297 2085 1401 2137 exce-

200 2188 309 2262 dente
343 2189 534 2263 ammonia
561 2209 640 2262 non
668 2188 882 2280 conspicue,
910 2188 1017 2261 facile
1047 2194 1083 2261 et
1110 2189 1259 2281 penitus
1278 2191 1400 2263 namo

199 2313 486 2409 hydrooxydato
506 2318 630 2389 soluto
650 2315 818 2404 solvitur,
839 2315 877 2387 in
897 2313 1046 2388 aethere
1065 2314 1128 2388 vix
1148 2316 1308 2390 solubile
1328 2323 1399 2390 est.

306 2442 547 2535 Morphinum
561 2442 898 2534 hydroclrloricum,
919 2441 1026 2515 acido
1043 2443 1221 2516 sulfurico
1239 2464 1399 2516 concen-

198 2576 295 2644 trato
316 2571 492 2660 solutum,
511 2571 696 2661 liquorem
716 2569 849 2643 coloris
871 2574 1060 2661 expertem
1078 2570 1266 2662 praebeat.

307 2697 471 2790 Ignitum
491 2719 536 2770 ex
556 2697 700 2790 integro
721 2697 925 2769 comburat.

500 3017 772 3160 Mucilogo
800 3016 1088 3159 Cydoniuc.

201 3240 303 3334 Rpe:
338 3234 689 3342 statunculum
743 3264 907 3339 qramma
926 3264 1034 3311 unum
1381 3246 1395 3316 1

337 3364 458 3466 Aque
479 3366 685 3446 destillent
746 3373 948 3465 qrammoto
966 3367 1096 3462 viqimt
1115 3367 1278 3464 quinque.
1350 3371 1399 3444 l5

312 3493 539 3588 Conquassa
557 3496 596 3569 in
614 3497 751 3588 lagena
769 3495 887 3568 vitrea
906 3501 944 3568 et
963 3495 1058 3568 cola.

309 3622 466 3696 Paretur
485 3642 529 3694 ex
547 3626 727 3714 tempore.

400 3944 674 4087 Mucilngo
702 3942 907 4054 Gummi
929 3943 1179 4052 Acuciuc.

515 4171 712 4278 Mucilago
737 4170 901 4251 Gummi
923 4173 1085 4251 arabici.

200 4367 303 4460 Rpe:
341 4363 477 4442 Gummi
497 4365 646 4443 descire
666 4365 848 4467 pullenti
865 4373 1067 4462 qranzneoto
1086 4365 1223 4463 ctqinti.
1349 4367 1399 4439 td

310 4493 421 4567 Solve
441 4496 583 4569 sensim
603 4492 833 4568 affimdendo
853 4493 892 4566 in

337 4617 459 4721 Aquae
480 4618 690 4699 destinatae
863 4621 1031 4715 mammis
1051 4617 1292 4716 quadraqc'nta
1347 4621 1400 4691 40

202 4755 238 4823 et
256 4749 465 4822 triturando
486 4748 524 4820 in
543 4747 807 4840 mucilaginem
825 4747 961 4838 redige,
978 4768 1092 4840 quam
1108 4746 1267 4820 colatam
1282 4768 1400 4820 serva.
