3576 5454
893 509 1131 580 -166-

409 723 565 797 immitte
585 724 624 796 in
642 725 818 816 lagenam
838 727 1036 800 etsensim
1057 707 1165 799 adde

545 845 629 925 1111
684 858 887 948 crumenam
906 851 1016 924 decem
1560 851 1607 922 10

516 976 707 1050 Interdum
732 979 918 1070 agitando,
952 980 1073 1052 donec
1105 979 1243 1052 reactio
1278 982 1402 1052 cessat
1423 983 1460 1050 et
1474 977 1608 1050 solutio

410 1104 573 1177 colorem
593 1105 743 1178 nonnisi
763 1105 878 1179 dilute
897 1105 1052 1179 viridem
1069 1105 1228 1198 exhibet,
1245 1112 1326 1180 tum
1344 1105 1452 1196 filtra,
1472 1104 1609 1177 filtrum

411 1235 521 1302 antea
541 1253 639 1324 aqua
657 1233 914 1306 humectatum
932 1254 980 1305 ne
1002 1234 1118 1307 eluas,

518 1357 718 1449 Liquorem
744 1359 974 1433 deflueuturn
994 1361 1122 1453 excipe
1142 1360 1179 1432 in
1199 1360 1305 1448 vitre,
1326 1359 1427 1451 quod
1448 1358 1609 1431 continet

547 1481 718 1562 Sacchnri
738 1482 920 1587 puivcrnti

742 1620 946 1710 qrammata
965 1619 1100 1686 centum
1119 1614 1360 1712 quadraqinta
1380 1636 1501 1686 unum.
1534 1613 1604 1685 141
1755 1667 1756 1716 3

411 1739 509 1813 Vase
524 1745 622 1813 tecto
639 1740 865 1814 solutionem
880 1741 1050 1815 sacchari
1069 1741 1226 1833 adjuves
1246 1741 1422 1834 agitando
1443 1747 1480 1815 et
1497 1741 1609 1814 ferve-

410 1866 591 1941 faciendo,

517 1994 685 2088 Syrupus
705 1995 869 2068 continet
887 1995 925 2068 in
945 2000 1097 2069 centum
1120 1996 1289 2089 partibus
1313 2001 1441 2090 partes
1468 1995 1609 2069 circiter

410 2121 579 2213 quinque
599 2121 701 2196 Ferri
716 2121 845 2213 jocati.

455 2482 837 2619 surrepere
877 2483 1551 2620 lpeoaeuamme.

410 2702 514 2795 Rpe:
555 2701 698 2780 liuticis
719 2700 991 2803 ipecaenuiuc
1005 2702 1220 2805 puircrrtnc

1192 2855 1356 2929 qramma
1376 2857 1499 2905 mcum.
1584 2836 1599 2905 1
1755 2865 1756 2912 i

519 2957 666 3030 Macera
684 2979 750 3050 per
770 2958 937 3048 biduum,
959 2959 1111 3051 saepius
1132 2959 1425 3052 conquassando
1446 2981 1532 3032 curu

545 3079 702 3182 Spiritus
721 3082 797 3159 tini
819 3081 928 3162 diluti
981 3086 1155 3183 qrammis
1174 3087 1328 3182 quinque
1582 3087 1603 3159 5

413 3215 450 3282 et

547 3335 669 3439 Aque
691 3335 899 3415 cestuum
953 3340 1127 3435 yrammis
1147 3340 1399 3437 quadraqinta.
1557 3341 1605 3413 40
1755 3369 1756 3454 ζ

545 3461 748 3541 celaturam
770 3461 940 3541 1111111111

833 3600 1072 3690 yrammatum
1092 3594 1331 3691 quadrayiutu
1351 3591 1501 3666 duorum
1557 3593 1605 3666 41

409 3717 545 3790 additis

544 3841 715 3922 sauciari
728 3840 916 3946 'pulvcrcti
970 3848 1143 3943 yrammis
1161 3847 1344 3945 sexayinta
1559 3849 1604 3920 60

408 3973 519 4044 unica
538 3972 751 4045 ebullitione
772 3972 891 4065 coque
911 3973 949 4045 in
969 3973 1158 4068 Syrupum
1176 3979 1213 4048 et
1232 3976 1325 4048 cola.

738 4328 982 4474 Syrupus
1008 4331 1286 4441 Menthuc
1382 4364 1384 4368 ·

407 4553 509 4645 Rpe:
550 4549 730 4629 Foliorum
751 4550 916 4630 iicuthcc
936 4551 1117 4654 piperitce
1138 4553 1366 4632 1111111111

1153 4689 1356 4779 qrammata
1375 4684 1504 4781 viyinti
1559 4685 1604 4755 10
