<?xml version="1.0" encoding="UTF-8"?>
<!DOCTYPE html PUBLIC "-//W3C//DTD XHTML 1.0 Transitional//EN"
    "http://www.w3.org/TR/xhtml1/DTD/xhtml1-transitional.dtd">
<html xmlns="http://www.w3.org/1999/xhtml" xml:lang="en" lang="en">
 <head>
  <title>
</title>
<meta http-equiv="Content-Type" content="text/html;charset=utf-8" />
  <meta name='ocr-system' content='tesseract 3.04.00' />
  <meta name='ocr-capabilities' content='ocr_page ocr_carea ocr_par ocr_line ocrx_word'/>
</head>
<body>
  <div class='ocr_page' id='page_1' title='image "./pharmacopoeaaus00unkngoog_0060.png"; bbox 0 0 3502 5454; ppageno 0'>
   <div class='ocr_carea' id='block_1_1' title="bbox 636 543 846 618">
    <p class='ocr_par' dir='ltr' id='par_1_1' title="bbox 636 543 846 618">
     <span class='ocr_line' id='line_1_1' title="bbox 636 543 846 618; baseline 0.005 -21"><span class='ocrx_word' id='word_1_1' title='bbox 636 543 846 618; x_wconf 55' lang='grc' dir='ltr'>-ῃ-</span> 
     </span>
    </p>
   </div>
   <div class='ocr_carea' id='block_1_2' title="bbox 144 759 1344 1368">
    <p class='ocr_par' dir='ltr' id='par_1_2' title="bbox 144 759 1342 1112">
     <span class='ocr_line' id='line_1_2' title="bbox 252 759 1341 864; baseline 0.002 -26"><span class='ocrx_word' id='word_1_2' title='bbox 252 760 353 838; x_wconf 68' lang='lat' dir='ltr'>totu</span> <span class='ocrx_word' id='word_1_3' title='bbox 399 759 675 864; x_wconf 78' lang='lat' dir='ltr'>hydraeiiloriel</span> <span class='ocrx_word' id='word_1_4' title='bbox 722 761 873 860; x_wconf 69' lang='lat' dir='ltr'>ranulis,</span> <span class='ocrx_word' id='word_1_5' title='bbox 923 769 1035 839; x_wconf 89' lang='lat' dir='ltr'>antea</span> <span class='ocrx_word' id='word_1_6' title='bbox 1079 767 1188 840; x_wconf 89' lang='lat' dir='ltr'>tertia</span> <span class='ocrx_word' id='word_1_7' title='bbox 1234 773 1341 860; x_wconf 89' lang='lat' dir='ltr'>parte</span> 
     </span>
     <span class='ocr_line' id='line_1_3' title="bbox 144 891 1342 986; baseline 0 -20"><span class='ocrx_word' id='word_1_8' title='bbox 144 914 264 986; x_wconf 90' lang='lat' dir='ltr'>aquae</span> <span class='ocrx_word' id='word_1_9' title='bbox 284 891 398 978; x_wconf 89' lang='lat' dir='ltr'>diluti,</span> <span class='ocrx_word' id='word_1_10' title='bbox 432 891 679 984; x_wconf 77' lang='lat' dir='ltr'>quantitatem</span> <span class='ocrx_word' id='word_1_11' title='bbox 698 891 955 983; x_wconf 88' lang='lat' dir='ltr'>sufficientem,</span> <span class='ocrx_word' id='word_1_12' title='bbox 994 898 1037 965; x_wconf 93' lang='lat' dir='ltr'>ut</span> <span class='ocrx_word' id='word_1_13' title='bbox 1066 893 1115 966; x_wconf 89' lang='lat' dir='ltr'>ad</span> <span class='ocrx_word' id='word_1_14' title='bbox 1149 894 1342 967; x_wconf 88' lang='lat' dir='ltr'>dimidium</span> 
     </span>
     <span class='ocr_line' id='line_1_4' title="bbox 145 1018 715 1112; baseline -0.005 -19"><span class='ocrx_word' id='word_1_15' title='bbox 145 1020 288 1093; x_wconf 83' lang='lat' dir='ltr'>circiter</span> <span class='ocrx_word' id='word_1_16' title='bbox 307 1018 499 1091; x_wconf 83' lang='lat' dir='ltr'>cucurbita</span> <span class='ocrx_word' id='word_1_17' title='bbox 517 1019 715 1112; x_wconf 82' lang='lat' dir='ltr'>repleatur.</span> 
     </span>
    </p>

    <p class='ocr_par' dir='ltr' id='par_1_3' title="bbox 145 1143 1344 1368">
     <span class='ocr_line' id='line_1_5' title="bbox 254 1143 1344 1239; baseline 0.001 -20"><span class='ocrx_word' id='word_1_18' title='bbox 254 1145 495 1219; x_wconf 85' lang='lat' dir='ltr'>Cucurbitem</span> <span class='ocrx_word' id='word_1_19' title='bbox 510 1143 627 1238; x_wconf 84' lang='lat' dir='ltr'>junge</span> <span class='ocrx_word' id='word_1_20' title='bbox 649 1166 735 1217; x_wconf 89' lang='lat' dir='ltr'>cum</span> <span class='ocrx_word' id='word_1_21' title='bbox 755 1146 926 1239; x_wconf 91' lang='lat' dir='ltr'>excipulo</span> <span class='ocrx_word' id='word_1_22' title='bbox 946 1147 1146 1236; x_wconf 90' lang='lat' dir='ltr'>Wulfiano‚</span> <span class='ocrx_word' id='word_1_23' title='bbox 1167 1147 1227 1220; x_wconf 90' lang='lat' dir='ltr'>cui</span> <span class='ocrx_word' id='word_1_24' title='bbox 1245 1148 1344 1220; x_wconf 89' lang='lat' dir='ltr'>inest</span> 
     </span>
     <span class='ocr_line' id='line_1_6' title="bbox 145 1271 1288 1368; baseline -0.002 -20"><span class='ocrx_word' id='word_1_25' title='bbox 145 1297 266 1368; x_wconf 86' lang='lat' dir='ltr'>aquae</span> <span class='ocrx_word' id='word_1_26' title='bbox 287 1273 479 1366; x_wconf 86' lang='lat' dir='ltr'>quantitas</span> <span class='ocrx_word' id='word_1_27' title='bbox 504 1271 696 1346; x_wconf 83' lang='lat' dir='ltr'>sufficiens</span> <span class='ocrx_word' id='word_1_28' title='bbox 718 1274 764 1346; x_wconf 88' lang='lat' dir='ltr'>ad</span> <span class='ocrx_word' id='word_1_29' title='bbox 785 1274 963 1347; x_wconf 91' lang='lat' dir='ltr'>lotionem</span> <span class='ocrx_word' id='word_1_30' title='bbox 988 1275 1090 1366; x_wconf 83' lang='lat' dir='ltr'>gasis</span> <span class='ocrx_word' id='word_1_31' title='bbox 1110 1274 1288 1348; x_wconf 86' lang='lat' dir='ltr'>extricati.</span> 
     </span>
    </p>
   </div>
   <div class='ocr_carea' id='block_1_3' title="bbox 145 1455 1343 1802">
    <p class='ocr_par' dir='ltr' id='par_1_4' title="bbox 145 1455 1343 1802">
     <span class='ocr_line' id='line_1_7' title="bbox 253 1455 1342 1548; baseline 0 -20"><span class='ocrx_word' id='word_1_32' title='bbox 253 1455 433 1546; x_wconf 82' lang='lat' dir='ltr'>Exeipulo</span> <span class='ocrx_word' id='word_1_33' title='bbox 449 1455 591 1547; x_wconf 85' lang='lat' dir='ltr'>adapta</span> <span class='ocrx_word' id='word_1_34' title='bbox 605 1455 738 1527; x_wconf 90' lang='lat' dir='ltr'>tubum</span> <span class='ocrx_word' id='word_1_35' title='bbox 753 1455 913 1529; x_wconf 86' lang='lat' dir='ltr'>vitreum</span> <span class='ocrx_word' id='word_1_36' title='bbox 928 1456 987 1529; x_wconf 90' lang='lat' dir='ltr'>bis</span> <span class='ocrx_word' id='word_1_37' title='bbox 1004 1461 1212 1545; x_wconf 88' lang='lat' dir='ltr'>curvatum,</span> <span class='ocrx_word' id='word_1_38' title='bbox 1233 1456 1342 1548; x_wconf 88' lang='lat' dir='ltr'>cujus</span> 
     </span>
     <span class='ocr_line' id='line_1_8' title="bbox 146 1581 1343 1677; baseline -0.001 -21"><span class='ocrx_word' id='word_1_39' title='bbox 146 1584 294 1675; x_wconf 81' lang='lat' dir='ltr'>longior</span> <span class='ocrx_word' id='word_1_40' title='bbox 319 1582 537 1656; x_wconf 86' lang='lat' dir='ltr'>extremitas</span> <span class='ocrx_word' id='word_1_41' title='bbox 557 1581 633 1654; x_wconf 83' lang='lat' dir='ltr'>iere</span> <span class='ocrx_word' id='word_1_42' title='bbox 658 1587 789 1674; x_wconf 81' lang='lat' dir='ltr'>tangat</span> <span class='ocrx_word' id='word_1_43' title='bbox 809 1583 968 1656; x_wconf 83' lang='lat' dir='ltr'>fundum</span> <span class='ocrx_word' id='word_1_44' title='bbox 987 1584 1154 1677; x_wconf 83' lang='lat' dir='ltr'>lagenae,</span> <span class='ocrx_word' id='word_1_45' title='bbox 1177 1606 1274 1676; x_wconf 87' lang='lat' dir='ltr'>quae</span> <span class='ocrx_word' id='word_1_46' title='bbox 1295 1583 1343 1656; x_wconf 89' lang='lat' dir='ltr'>ad</span> 
     </span>
     <span class='ocr_line' id='line_1_9' title="bbox 145 1709 911 1802; baseline -0.001 -18"><span class='ocrx_word' id='word_1_47' title='bbox 145 1711 340 1784; x_wconf 88' lang='lat' dir='ltr'>dimidium</span> <span class='ocrx_word' id='word_1_48' title='bbox 361 1731 462 1802; x_wconf 88' lang='lat' dir='ltr'>aqua</span> <span class='ocrx_word' id='word_1_49' title='bbox 482 1709 671 1783; x_wconf 88' lang='lat' dir='ltr'>destillata</span> <span class='ocrx_word' id='word_1_50' title='bbox 691 1709 739 1782; x_wconf 88' lang='lat' dir='ltr'>sit</span> <span class='ocrx_word' id='word_1_51' title='bbox 757 1711 911 1802; x_wconf 92' lang='lat' dir='ltr'>repleta.</span> 
     </span>
    </p>
   </div>
   <div class='ocr_carea' id='block_1_4' title="bbox 143 1873 1345 2731">
    <p class='ocr_par' dir='ltr' id='par_1_5' title="bbox 143 1873 1345 2731">
     <span class='ocr_line' id='line_1_10' title="bbox 252 1873 1344 1967; baseline -0.001 -21"><span class='ocrx_word' id='word_1_52' title='bbox 252 1875 344 1947; x_wconf 92' lang='lat' dir='ltr'>Leni</span> <span class='ocrx_word' id='word_1_53' title='bbox 375 1873 498 1946; x_wconf 85' lang='lat' dir='ltr'>calore</span> <span class='ocrx_word' id='word_1_54' title='bbox 529 1875 594 1946; x_wconf 87' lang='lat' dir='ltr'>liat</span> <span class='ocrx_word' id='word_1_55' title='bbox 619 1874 810 1946; x_wconf 81' lang='lat' dir='ltr'>extricatio</span> <span class='ocrx_word' id='word_1_56' title='bbox 836 1875 948 1966; x_wconf 84' lang='lat' dir='ltr'>gasis.</span> <span class='ocrx_word' id='word_1_57' title='bbox 969 1873 1171 1966; x_wconf 81' lang='lat' dir='ltr'>Lagenam,</span> <span class='ocrx_word' id='word_1_58' title='bbox 1207 1875 1344 1967; x_wconf 87' lang='lat' dir='ltr'>quodsi</span> 
     </span>
     <span class='ocr_line' id='line_1_11' title="bbox 145 2001 1343 2096; baseline 0 -22"><span class='ocrx_word' id='word_1_59' title='bbox 145 2003 273 2075; x_wconf 90' lang='lat' dir='ltr'>chloro</span> <span class='ocrx_word' id='word_1_60' title='bbox 287 2002 430 2094; x_wconf 91' lang='lat' dir='ltr'>repleta</span> <span class='ocrx_word' id='word_1_61' title='bbox 448 2001 569 2090; x_wconf 82' lang='lat' dir='ltr'>fuerit,</span> <span class='ocrx_word' id='word_1_62' title='bbox 591 2005 781 2074; x_wconf 89' lang='lat' dir='ltr'>commuta</span> <span class='ocrx_word' id='word_1_63' title='bbox 796 2023 882 2073; x_wconf 91' lang='lat' dir='ltr'>cum</span> <span class='ocrx_word' id='word_1_64' title='bbox 898 2001 1026 2096; x_wconf 85' lang='lat' dir='ltr'>altera,</span> <span class='ocrx_word' id='word_1_65' title='bbox 1048 2002 1207 2075; x_wconf 90' lang='lat' dir='ltr'>eandem</span> <span class='ocrx_word' id='word_1_66' title='bbox 1227 2023 1343 2094; x_wconf 92' lang='lat' dir='ltr'>quan·</span> 
     </span>
     <span class='ocr_line' id='line_1_12' title="bbox 144 2129 1344 2222; baseline -0.002 -20"><span class='ocrx_word' id='word_1_67' title='bbox 144 2130 288 2202; x_wconf 80' lang='lat' dir='ltr'>litatem</span> <span class='ocrx_word' id='word_1_68' title='bbox 324 2151 445 2220; x_wconf 89' lang='lat' dir='ltr'>aquae</span> <span class='ocrx_word' id='word_1_69' title='bbox 483 2129 690 2202; x_wconf 88' lang='lat' dir='ltr'>destillatae</span> <span class='ocrx_word' id='word_1_70' title='bbox 730 2129 951 2202; x_wconf 89' lang='lat' dir='ltr'>continente.</span> <span class='ocrx_word' id='word_1_71' title='bbox 1007 2130 1159 2222; x_wconf 87' lang='lat' dir='ltr'>Lagena</span> <span class='ocrx_word' id='word_1_72' title='bbox 1200 2133 1344 2201; x_wconf 91' lang='lat' dir='ltr'>remota</span> 
     </span>
     <span class='ocr_line' id='line_1_13' title="bbox 144 2257 1344 2349; baseline 0 -19"><span class='ocrx_word' id='word_1_73' title='bbox 144 2258 340 2330; x_wconf 88' lang='lat' dir='ltr'>claudatur</span> <span class='ocrx_word' id='word_1_74' title='bbox 378 2262 414 2330; x_wconf 89' lang='lat' dir='ltr'>et</span> <span class='ocrx_word' id='word_1_75' title='bbox 433 2279 500 2348; x_wconf 83' lang='lat' dir='ltr'>gas</span> <span class='ocrx_word' id='word_1_76' title='bbox 521 2278 606 2329; x_wconf 90' lang='lat' dir='ltr'>cum</span> <span class='ocrx_word' id='word_1_77' title='bbox 637 2277 736 2348; x_wconf 90' lang='lat' dir='ltr'>aqua</span> <span class='ocrx_word' id='word_1_78' title='bbox 771 2261 1058 2349; x_wconf 85' lang='lat' dir='ltr'>conquassetur,</span> <span class='ocrx_word' id='word_1_79' title='bbox 1096 2257 1182 2331; x_wconf 90' lang='lat' dir='ltr'>dein</span> <span class='ocrx_word' id='word_1_80' title='bbox 1220 2258 1344 2330; x_wconf 91' lang='lat' dir='ltr'>denuo</span> 
     </span>
     <span class='ocr_line' id='line_1_14' title="bbox 145 2383 1345 2476; baseline -0.002 -19"><span class='ocrx_word' id='word_1_81' title='bbox 145 2385 318 2457; x_wconf 88' lang='lat' dir='ltr'>chiorum</span> <span class='ocrx_word' id='word_1_82' title='bbox 343 2385 381 2455; x_wconf 93' lang='lat' dir='ltr'>in</span> <span class='ocrx_word' id='word_1_83' title='bbox 411 2383 583 2475; x_wconf 78' lang='lat' dir='ltr'>lagenam</span> <span class='ocrx_word' id='word_1_84' title='bbox 615 2383 824 2456; x_wconf 87' lang='lat' dir='ltr'>inducatur.</span> <span class='ocrx_word' id='word_1_85' title='bbox 860 2383 968 2456; x_wconf 90' lang='lat' dir='ltr'>Hane</span> <span class='ocrx_word' id='word_1_86' title='bbox 997 2384 1131 2476; x_wconf 80' lang='lat' dir='ltr'>agendi</span> <span class='ocrx_word' id='word_1_87' title='bbox 1161 2385 1345 2457; x_wconf 89' lang='lat' dir='ltr'>rationem</span> 
     </span>
     <span class='ocr_line' id='line_1_15' title="bbox 149 2511 1344 2604; baseline 0.001 -20"><span class='ocrx_word' id='word_1_88' title='bbox 149 2511 261 2584; x_wconf 90' lang='lat' dir='ltr'>etiam</span> <span class='ocrx_word' id='word_1_89' title='bbox 283 2533 369 2584; x_wconf 88' lang='lat' dir='ltr'>cum</span> <span class='ocrx_word' id='word_1_90' title='bbox 391 2512 508 2584; x_wconf 90' lang='lat' dir='ltr'>altera</span> <span class='ocrx_word' id='word_1_91' title='bbox 535 2513 671 2603; x_wconf 83' lang='lat' dir='ltr'>lagena</span> <span class='ocrx_word' id='word_1_92' title='bbox 697 2532 897 2604; x_wconf 86' lang='lat' dir='ltr'>exsequere</span> <span class='ocrx_word' id='word_1_93' title='bbox 919 2516 956 2582; x_wconf 90' lang='lat' dir='ltr'>et</span> <span class='ocrx_word' id='word_1_94' title='bbox 974 2516 1110 2602; x_wconf 88' lang='lat' dir='ltr'>repete,</span> <span class='ocrx_word' id='word_1_95' title='bbox 1137 2512 1256 2585; x_wconf 90' lang='lat' dir='ltr'>donec</span> <span class='ocrx_word' id='word_1_96' title='bbox 1277 2534 1344 2603; x_wconf 83' lang='lat' dir='ltr'>gas</span> 
     </span>
     <span class='ocr_line' id='line_1_16' title="bbox 143 2639 680 2731; baseline -0.002 -20"><span class='ocrx_word' id='word_1_97' title='bbox 143 2661 220 2711; x_wconf 92' lang='lat' dir='ltr'>non</span> <span class='ocrx_word' id='word_1_98' title='bbox 240 2639 401 2731; x_wconf 89' lang='lat' dir='ltr'>amplius</span> <span class='ocrx_word' id='word_1_99' title='bbox 422 2639 680 2712; x_wconf 87' lang='lat' dir='ltr'>absorbeatur.</span> 
     </span>
    </p>
   </div>
   <div class='ocr_carea' id='block_1_5' title="bbox 143 2802 1345 3294">
    <p class='ocr_par' dir='ltr' id='par_1_6' title="bbox 144 2802 1345 3023">
     <span class='ocr_line' id='line_1_17' title="bbox 253 2802 1345 2895; baseline 0 -21"><span class='ocrx_word' id='word_1_100' title='bbox 253 2802 308 2875; x_wconf 88' lang='lat' dir='ltr'>Sit</span> <span class='ocrx_word' id='word_1_101' title='bbox 340 2802 502 2895; x_wconf 88' lang='lat' dir='ltr'>limpida,</span> <span class='ocrx_word' id='word_1_102' title='bbox 538 2825 557 2876; x_wconf 92' lang='lat' dir='ltr'>e</span> <span class='ocrx_word' id='word_1_103' title='bbox 592 2802 764 2876; x_wconf 79' lang='lat' dir='ltr'>subflavo</span> <span class='ocrx_word' id='word_1_104' title='bbox 785 2803 923 2892; x_wconf 88' lang='lat' dir='ltr'>viridis,</span> <span class='ocrx_word' id='word_1_105' title='bbox 958 2803 1083 2876; x_wconf 88' lang='lat' dir='ltr'>odoris</span> <span class='ocrx_word' id='word_1_106' title='bbox 1114 2802 1345 2890; x_wconf 69' lang='lat' dir='ltr'>suffocantis</span> 
     </span>
     <span class='ocr_line' id='line_1_18' title="bbox 144 2929 838 3023; baseline -0.001 -19"><span class='ocrx_word' id='word_1_107' title='bbox 144 2932 294 3004; x_wconf 88' lang='lat' dir='ltr'>colores</span> <span class='ocrx_word' id='word_1_108' title='bbox 315 2929 543 3023; x_wconf 83' lang='lat' dir='ltr'>vegetabiies</span> <span class='ocrx_word' id='word_1_109' title='bbox 566 2931 638 3004; x_wconf 91' lang='lat' dir='ltr'>cito</span> <span class='ocrx_word' id='word_1_110' title='bbox 660 2931 838 3004; x_wconf 85' lang='lat' dir='ltr'>destruat.</span> 
     </span>
    </p>

    <p class='ocr_par' dir='ltr' id='par_1_7' title="bbox 143 3075 1343 3294">
     <span class='ocr_line' id='line_1_19' title="bbox 254 3075 1343 3172; baseline -0.002 -22"><span class='ocrx_word' id='word_1_111' title='bbox 254 3078 431 3152; x_wconf 88' lang='lat' dir='ltr'>Servetur</span> <span class='ocrx_word' id='word_1_112' title='bbox 450 3078 488 3150; x_wconf 92' lang='lat' dir='ltr'>in</span> <span class='ocrx_word' id='word_1_113' title='bbox 507 3077 650 3170; x_wconf 83' lang='lat' dir='ltr'>lagenis</span> <span class='ocrx_word' id='word_1_114' title='bbox 671 3077 808 3172; x_wconf 69' lang='lat' dir='ltr'>parvis</span> <span class='ocrx_word' id='word_1_115' title='bbox 829 3077 979 3170; x_wconf 92' lang='lat' dir='ltr'>penitus</span> <span class='ocrx_word' id='word_1_116' title='bbox 1000 3075 1164 3168; x_wconf 88' lang='lat' dir='ltr'>repletis,</span> <span class='ocrx_word' id='word_1_117' title='bbox 1207 3076 1343 3167; x_wconf 88' lang='lat' dir='ltr'>episto·</span> 
     </span>
     <span class='ocr_line' id='line_1_20' title="bbox 143 3201 1201 3294; baseline -0.003 -15"><span class='ocrx_word' id='word_1_118' title='bbox 143 3207 237 3280; x_wconf 88' lang='lat' dir='ltr'>meis</span> <span class='ocrx_word' id='word_1_119' title='bbox 257 3205 384 3279; x_wconf 87' lang='lat' dir='ltr'>vitreis</span> <span class='ocrx_word' id='word_1_120' title='bbox 405 3205 553 3294; x_wconf 79' lang='lat' dir='ltr'>clausiS,</span> <span class='ocrx_word' id='word_1_121' title='bbox 575 3227 597 3278; x_wconf 91' lang='lat' dir='ltr'>a</span> <span class='ocrx_word' id='word_1_122' title='bbox 615 3205 699 3278; x_wconf 89' lang='lat' dir='ltr'>luce</span> <span class='ocrx_word' id='word_1_123' title='bbox 719 3204 875 3277; x_wconf 86' lang='lat' dir='ltr'>remotis</span> <span class='ocrx_word' id='word_1_124' title='bbox 895 3205 932 3276; x_wconf 91' lang='lat' dir='ltr'>in</span> <span class='ocrx_word' id='word_1_125' title='bbox 952 3204 1035 3275; x_wconf 90' lang='lat' dir='ltr'>loco</span> <span class='ocrx_word' id='word_1_126' title='bbox 1056 3201 1201 3294; x_wconf 82' lang='lat' dir='ltr'>frigido</span> 
     </span>
    </p>
   </div>
   <div class='ocr_carea' id='block_1_6' title="bbox 353 3705 1135 3851">
    <p class='ocr_par' dir='ltr' id='par_1_8' title="bbox 353 3705 1135 3851">
     <span class='ocr_line' id='line_1_21' title="bbox 353 3705 1135 3851; baseline 0.008 -36"><span class='ocrx_word' id='word_1_127' title='bbox 353 3708 506 3850; x_wconf 80' lang='lat' dir='ltr'>Aqua</span> <span class='ocrx_word' id='word_1_128' title='bbox 532 3707 863 3818; x_wconf 68' lang='lat' dir='ltr'>cinnamomi</span> <span class='ocrx_word' id='word_1_129' title='bbox 891 3705 1135 3851; x_wconf 85' lang='lat' dir='ltr'>simplex.</span> 
     </span>
    </p>
   </div>
   <div class='ocr_carea' id='block_1_7' title="bbox 147 3965 833 4064">
    <p class='ocr_par' dir='ltr' id='par_1_9' title="bbox 147 3965 833 4064">
     <span class='ocr_line' id='line_1_22' title="bbox 147 3965 833 4064; baseline -0.007 -20"><span class='ocrx_word' id='word_1_130' title='bbox 147 3971 244 4064; x_wconf 83' lang='lat' dir='ltr'>Rpe:</span> <span class='ocrx_word' id='word_1_131' title='bbox 284 3966 433 4044; x_wconf 69' lang='lat' dir='ltr'>corticis</span> <span class='ocrx_word' id='word_1_132' title='bbox 453 3965 671 4043; x_wconf 76' lang='lat' dir='ltr'>binnanomi</span> <span class='ocrx_word' id='word_1_133' title='bbox 692 3966 833 4045; x_wconf 79' lang='lat' dir='ltr'>contusi</span> 
     </span>
    </p>
   </div>
   <div class='ocr_carea' id='block_1_8' title="bbox 263 4148 1349 4631">
    <p class='ocr_par' dir='ltr' id='par_1_10' title="bbox 263 4148 1348 4499">
     <span class='ocr_line' id='line_1_23' title="bbox 580 4148 1346 4246; baseline -0.001 -25"><span class='ocrx_word' id='word_1_134' title='bbox 580 4155 779 4246; x_wconf 72' lang='lat' dir='ltr'>qrurnmutu</span> <span class='ocrx_word' id='word_1_135' title='bbox 798 4148 944 4222; x_wconf 78' lang='lat' dir='ltr'>ducenta</span> <span class='ocrx_word' id='word_1_136' title='bbox 1268 4149 1346 4221; x_wconf 75' lang='lat' dir='ltr'>u00</span> 
     </span>
     <span class='ocr_line' id='line_1_24' title="bbox 284 4276 1348 4380; baseline -0.008 -24"><span class='ocrx_word' id='word_1_137' title='bbox 284 4279 407 4380; x_wconf 72' lang='lat' dir='ltr'>Aquae</span> <span class='ocrx_word' id='word_1_138' title='bbox 581 4283 813 4374; x_wconf 74' lang='lat' dir='ltr'>qrummutum</span> <span class='ocrx_word' id='word_1_139' title='bbox 837 4285 987 4372; x_wconf 82' lang='lat' dir='ltr'>quatuor</span> <span class='ocrx_word' id='word_1_140' title='bbox 1006 4277 1129 4349; x_wconf 69' lang='lat' dir='ltr'>mittio.</span> <span class='ocrx_word' id='word_1_141' title='bbox 1242 4276 1348 4348; x_wconf 81' lang='grc'>4000</span> 
     </span>
     <span class='ocr_line' id='line_1_25' title="bbox 263 4404 1224 4499; baseline -0.007 -18"><span class='ocrx_word' id='word_1_142' title='bbox 263 4408 415 4481; x_wconf 89' lang='lat' dir='ltr'>Macera</span> <span class='ocrx_word' id='word_1_143' title='bbox 434 4427 501 4499; x_wconf 90' lang='lat' dir='ltr'>per</span> <span class='ocrx_word' id='word_1_144' title='bbox 521 4406 720 4479; x_wconf 89' lang='lat' dir='ltr'>duodecim</span> <span class='ocrx_word' id='word_1_145' title='bbox 740 4405 867 4493; x_wconf 89' lang='lat' dir='ltr'>horas,</span> <span class='ocrx_word' id='word_1_146' title='bbox 888 4405 1023 4479; x_wconf 91' lang='lat' dir='ltr'>deinde</span> <span class='ocrx_word' id='word_1_147' title='bbox 1044 4404 1224 4477; x_wconf 88' lang='lat' dir='ltr'>abstrahe</span> 
     </span>
    </p>

    <p class='ocr_par' dir='ltr' id='par_1_11' title="bbox 582 4531 1349 4631">
     <span class='ocr_line' id='line_1_26' title="bbox 582 4531 1349 4631; baseline -0.005 -25"><span class='ocrx_word' id='word_1_148' title='bbox 582 4540 815 4631; x_wconf 73' lang='lat' dir='ltr'>qrammuturu</span> <span class='ocrx_word' id='word_1_149' title='bbox 836 4533 906 4606; x_wconf 84' lang='lat' dir='ltr'>duo</span> <span class='ocrx_word' id='word_1_150' title='bbox 925 4534 1051 4608; x_wconf 76' lang='lat' dir='ltr'>millia.</span> <span class='ocrx_word' id='word_1_151' title='bbox 1239 4531 1349 4603; x_wconf 76' lang='lat' dir='ltr'>a000</span> 
     </span>
    </p>
   </div>
   <div class='ocr_carea' id='block_1_9' title="bbox 264 4715 794 4811">
    <p class='ocr_par' dir='ltr' id='par_1_12' title="bbox 264 4715 794 4811">
     <span class='ocr_line' id='line_1_27' title="bbox 264 4715 794 4811; baseline -0.002 -23"><span class='ocrx_word' id='word_1_152' title='bbox 264 4715 426 4790; x_wconf 77' lang='lat' dir='ltr'>Tinctum</span> <span class='ocrx_word' id='word_1_153' title='bbox 452 4716 581 4790; x_wconf 71' lang='lat' dir='ltr'>Cirrhae</span> <span class='ocrx_word' id='word_1_154' title='bbox 599 4716 794 4811; x_wconf 79' lang='lat' dir='ltr'>compositu.</span> 
     </span>
    </p>
   </div>
   <div class='ocr_carea' id='block_1_10' title="bbox 205 4873 399 4926">
    <p class='ocr_par' dir='ltr' id='par_1_13' title="bbox 205 4873 399 4926">
     <span class='ocr_line' id='line_1_28' title="bbox 205 4873 399 4926; baseline -0.005 -9"><span class='ocrx_word' id='word_1_155' title='bbox 205 4873 399 4926; x_wconf 76' lang='lat' dir='ltr'>Pbmmacopooa.</span> 
     </span>
    </p>
   </div>
   <div class='ocr_carea' id='block_1_11' title="bbox 0 0 1763 5454">
    <p class='ocr_par' dir='ltr' id='par_1_14' title="bbox 0 0 1763 5454">
     <span class='ocr_line' id='line_1_29' title="bbox 0 0 1763 5454; baseline 0 0"><span class='ocrx_word' id='word_1_156' title='bbox 0 0 1763 5454; x_wconf 95' lang='lat' dir='ltr'> </span> 
     </span>
    </p>
   </div>
  </div>
 </body>
</html>
