3574 5454
700 565 935 640 —123-

215 786 365 861 timetra
383 785 516 878 longis,
543 786 698 876 obtusis
718 786 966 879 integerrimis
993 789 1057 858 aut
1075 785 1410 878 repando-subcre-

214 915 325 1004 natiS,
342 915 493 1006 glabris,
509 915 780 1003 crassiusculis,
800 915 895 987 laete
911 913 1099 1004 viridibus
1115 913 1262 986 siccatis
1277 913 1412 985 subtus

213 1065 371 1116 nervum
390 1042 611 1136 primarium
636 1041 903 1135 praebentibus
933 1041 1015 1113 basi
1043 1042 1172 1129 latum,
1193 1040 1412 1133 collapsum,
1490 1083 1492 1088 ·

214 1171 433 1264 plerumque
448 1168 766 1261 longitudinalitcr
779 1169 970 1263 plicatum,
986 1189 1118 1240 versus
1135 1167 1249 1240 folioli
1269 1167 1412 1259 apicem

214 1297 420 1371 admodum
439 1298 729 1370 decrescentem.
752 1296 905 1389 Saporis
925 1298 1015 1369 sunt
1033 1296 1229 1389 perornari.

322 1441 538 1515 Extractum.
559 1441 696 1538 Species
716 1441 957 1514 amaricantes.
984 1440 1148 1512 Tiactrau
1168 1465 1303 1512 amara.

564 1838 716 1947 ltalia
741 1838 892 1950 Uvae
919 1839 1049 1946 ursi.

323 2061 615 2159 Arctastapbylas
634 2061 821 2158 praenatis
841 2060 1043 2134 Wimmer
1072 2065 1109 2133 et
1134 2059 1411 2147 Grabowski,

213 2191 408 2264 buticulas
434 2190 719 2284 sempemirens,
750 2190 789 2262 in
817 2189 1010 2263 montibus
1040 2188 1214 2261 calcareis
1240 2187 1413 2280 Europae

212 2340 397 2392 crescens.
417 2315 608 2390 Eriraceae.
1015 2305 1017 2308 ’
1046 2325 1049 2332 “

323 2463 429 2536 Folia
443 2463 607 2536 obovata
621 2463 680 2536 vel
696 2462 894 2557 spatuiata,
916 2462 1114 2536 duodecim
1136 2462 1184 2534 ad
1200 2461 1411 2554 quindecim

215 2592 427 2665 millimctra
441 2592 566 2683 longa,
592 2590 697 2683 apice
713 2591 850 2663 obtusa
866 2596 930 2663 aut
945 2591 1157 2677 rotundata,
1177 2589 1215 2661 in
1234 2589 1413 2680 petiolum

214 2721 367 2792 brevem
380 2723 584 2807 attenuata,
601 2718 850 2808 integerrima,
867 2719 1033 2809 margine
1045 2715 1410 2808 subdiapbano-car-

215 2846 402 2938 tilagine0,
414 2846 528 2938 plano
540 2845 600 2918 vel
611 2845 879 2934 sub-revoluto,
893 2844 1014 2917 ciliato
1027 2850 1092 2917 aut
1102 2844 1255 2937 saepius
1271 2843 1413 2934 glabra,

214 2973 253 3046 in
274 2977 433 3066 utraque
453 2978 559 3066 parte
579 2973 711 3062 laevia,
737 2972 905 3061 nitentia,
935 2972 1166 3064 glaberrima,
1199 2972 1410 3044 reticulato-

159 3145 160 3148 *
214 3122 369 3190 venosa,
390 3101 515 3174 nervis
540 3102 673 3174 subtus
692 3099 1001 3193 prominentibus,
1022 3120 1183 3192 superne
1213 3098 1412 3190 depressis

215 3249 354 3316 crassa,
376 3228 553 3316 coriacea,
578 3227 705 3319 rigida,
726 3231 891 3301 saturate
919 3226 1061 3315 viridia,
1091 3227 1225 3300 subtus
1259 3227 1413 3320 paulum

215 3355 424 3447 pallidiora,
456 3354 632 3443 inodora,
666 3355 811 3447 saporis
846 3353 1114 3446 adstringentis
1148 3359 1183 3428 et
1212 3353 1413 3426 subamari.

215 3481 363 3555 Siccata
382 3488 586 3555 serventur.

323 3628 377 3700 Ne
420 3628 698 3701 confundantur
734 3649 820 3700 curn
862 3627 959 3700 foliis
996 3626 1150 3699 Vacciaii
1192 3627 1278 3698 Vitis
1314 3626 1415 3698 Ideae

216 3756 369 3846 (Lino.)
399 3755 565 3847 margine
590 3760 732 3829 remote
767 3756 971 3844 serrulatis
1006 3756 1139 3828 subtus
1169 3754 1412 3846 fusco-punc-

215 3884 313 3972 tatis‚
344 3905 466 3976 neque
492 3905 578 3956 cum
606 3883 703 3955 foliis
732 3881 887 3954 Vacctaii
915 3882 1082 3978 utiptaosi
1112 3881 1268 3974 (Linn.)
1297 3903 1413 3953 mem-

216 4011 419 4100 branaceis
441 4013 574 4084 subtus
596 4011 749 4102 glaucis.
769 4002 772 4014 '

493 4408 718 4515 ltruaus
745 4406 891 4514 anisi
918 4404 1135 4515 stellati.

323 4629 477 4702 liliatam
515 4631 693 4703 aaisatum
721 4628 953 4718 Loureiro,
993 4628 1105 4702 arbor
1134 4628 1275 4701 Chinae
1304 4626 1413 4700 meri·

217 4756 390 4830 dionaliS.
412 4757 674 4854 Mapaoliaceac.
