3502 5454
606 579 824 651 ..69-

119 796 268 870 cellulae
285 795 665 888 sclerencbymaticae
680 802 904 889 aggregatae
914 819 1082 889 vasaque
1099 797 1266 871 laetifera
1280 797 1318 870 in

119 924 404 1017 parencbymate
423 923 522 997 foeto
542 925 679 1017 partim
699 925 822 1016 amylo
844 926 1064 1017 composite,
1080 925 1217 1018 partim
1237 947 1315 1018 cry-

118 1052 235 1126 stallis
256 1052 361 1126 calcii
380 1052 513 1126 oxalici
534 1052 702 1126 stellatis
724 1053 878 1146 Saporis
899 1057 956 1126 est
971 1057 1096 1125 cortex
1113 1053 1316 1126 subamari.

446 1281 642 1392 Cortex
669 1283 999 1426 llrangulae.

225 1469 413 1544 Rhamnes
431 1471 615 1568 Franpula
634 1473 779 1566 Linn,
799 1472 921 1546 frutex
940 1472 1153 1564 indigenus
1185 1470 1315 1544 Blam-

120 1623 250 1672 nareae.

223 1728 359 1802 Cortex
378 1748 569 1800 ramorum
595 1729 756 1802 siccatus
775 1728 814 1801 in
834 1727 934 1800 tubis
955 1728 1003 1799 ad
1023 1727 1093 1799 tria
1113 1726 1316 1800 decimetra

118 1855 250 1947 longis
277 1855 419 1928 circiter
438 1876 557 1928 unum
581 1854 833 1929 millimetrum
860 1855 1010 1944 crassis,
1036 1854 1193 1942 levibus,
1219 1854 1314 1946 peri-

118 1983 282 2056 dermate
292 1981 398 2054 facile
408 1981 617 2074 separabili,
633 1982 865 2055 extrinsecus
876 1983 1012 2056 coloris
1028 2003 1048 2054 e
1064 1980 1313 2074 griseo-fusci,

117 2110 315 2198 subnitido,
335 2107 521 2182 subtiliter
539 2130 605 2200 per
623 2108 895 2201 longitudinem
909 2130 1047 2202 rugoso
1068 2114 1105 2181 et
1120 2107 1315 2182 lenticellis

118 2237 260 2327 albidis,
298 2237 519 2330 plerumque
556 2239 770 2309 transverse
808 2237 989 2329 porrectis
1035 2235 1237 2324 instructis
1275 2235 1314 2306 in
1401 2309 1403 2312 .

117 2364 312 2458 superficie
336 2363 484 2437 interna
511 2362 689 2450 laevibus,
728 2384 748 2436 e
776 2363 890 2436 rubro
919 2363 1044 2451 fuscis,
1082 2363 1121 2434 in
1150 2361 1314 2434 fractura

119 2491 322 2579 tenacibus,
342 2489 502 2578 fibrosiS,
523 2488 640 2578 flaviS,
661 2489 700 2562 in
715 2490 879 2562 sectione
894 2495 1110 2562 transversa
1125 2490 1196 2562 sub
1215 2489 1315 2561 lente

117 2618 209 2691 libro
228 2619 338 2707 ssav0,
357 2616 546 2690 fasciculis
566 2617 745 2690 fibrarum
764 2617 968 2709 subgriseis
984 2616 1155 2688 radiatim
1170 2615 1313 2688 striato

116 2747 268 2840 Saporis
284 2751 342 2819 est
357 2751 484 2820 cortex
499 2746 702 2834 subamari,
722 2745 880 2818 salivam
893 2746 992 2817 ssavo
1014 2743 1137 2816 colore
1153 2743 1313 2835 tingens.

114 2873 157 2947 In
186 2896 286 2967 aqua
323 2874 436 2947 calcis
465 2878 677 2946 maceratus
712 2873 815 2946 intus
844 2872 1010 2945 colorem
1037 2871 1132 2943 belle
1159 2871 1315 2942 rubrum

114 3001 239 3076 nabit.

352 3231 549 3340 Cortex
575 3231 801 3338 llructus
829 3227 1092 3342 baruntii.

417 3441 592 3520 Flavedo
616 3439 780 3518 corticis
803 3437 1003 3518 Aurantii.

226 3599 523 3697 citracorporis
542 3599 695 3688 Risso,
715 3598 815 3671 vide:
837 3594 940 3667 Folia
961 3593 1146 3666 Aurantii.

220 3728 474 3819 Pericarpium
488 3726 700 3800 efructibus
711 3723 868 3798 maturis
883 3723 923 3795 in
938 3721 1141 3813 segmentis
1152 3721 1312 3812 plerum-

110 3880 185 3952 que
205 3856 372 3948 ellipticis
393 3855 601 3929 detractum
617 3859 653 3927 et
665 3853 856 3939 siccatum,
876 3853 1054 3922 constans
1075 3869 1095 3919 e
1115 3851 1232 3919 strato
1249 3867 1324 3919 ex-x

108 3986 246 4060 teriore
266 3983 669 4072 tuberculato-rugoso,
699 4000 719 4052 e
747 3979 861 4052 rubro
880 3975 1116 4062 luscescenti,
1145 3977 1312 4046 scatente

107 4113 255 4187 lacunis
274 4113 359 4186 oleo
380 4111 555 4185 aethereo
572 4107 733 4201 repletiS,
757 4105 866 4178 valde
887 4103 1090 4178 aromatico
1112 4106 1149 4173 et
1170 4121 1310 4189 amaro,

107 4247 147 4316 et
177 4263 196 4314 e
226 4245 343 4314 strato
372 4237 546 4311 interiore
575 4236 671 4324 albo,
703 4233 922 4327 spongioso,
960 4230 1174 4314 subamaro,
1211 4227 1312 4318 quod

108 4367 385 4442 removendum
405 4370 473 4438 est.

219 4493 390 4591 Syrupus.
416 4491 597 4563 Tinctum.
618 4488 727 4584 Aqua
747 4484 992 4560 carminaliva.
1021 4480 1156 4577 Species
1175 4481 1310 4555 amari·

105 4630 230 4696 conns.
285 4621 454 4693 Tinctum
492 4615 672 4690 Absiotbii
716 4613 911 4709 composita.
964 4609 1133 4683 Tincta-ra
1172 4632 1309 4682 arcora.
1445 4691 1446 4696 ἵ

108 4751 282 4824 Tinctum
307 4744 655 4840 Otinaecomposita.
679 4742 849 4814 Tinctara
870 4739 959 4810 utet
979 4738 1110 4809 vinosa.
