3576 5454
678 529 916 606 -aii-

194 751 234 825 in
253 773 427 844 spumam
447 757 701 844 conquassato
729 752 888 824 mixtum
916 752 1049 824 iterum
1078 773 1208 845 coque.
1239 749 1395 826 Novitus

196 879 317 952 colato
337 879 434 952 adde

332 1005 501 1105 Hagnosii
522 1003 705 1082 sarbonici
761 1029 794 1102 q.
814 1029 840 1078 s.

195 1135 243 1208 ad
272 1135 616 1209 neutralisationem
645 1133 740 1206 acidi
770 1138 807 1206 et
831 1133 963 1206 deinde
993 1155 1119 1208 serum
1137 1135 1396 1226 refrigeratum

195 1283 263 1354 per
282 1262 449 1335 chartam
468 1262 637 1336 bibulam
656 1261 763 1335 filtra.

305 1389 343 1462 Si
381 1390 512 1463 Serum
549 1390 673 1463 Laetis
713 1387 862 1462 acidum
900 1389 1113 1482 requiritur,
1161 1390 1397 1482 magnesium

195 1517 434 1589 carbonieum
454 1516 655 1592 omittatur.

376 1952 686 2066 solutio
724 1952 1234 2065 arsonicalis

606 2115 991 2230 luwlert.
1075 2261 1077 2268 Ι

527 2342 680 2444 Liquor
706 2341 812 2420 Kalii
835 2342 1070 2420 arsonicosi.

196 2533 296 2626 Rpe:
332 2531 433 2611 iridi
454 2535 651 2612 urscuioosi
673 2534 855 2636 puircruti

334 2657 431 2738 tiam
451 2658 637 2740 cartonio
657 2661 739 2765 puri
796 2661 844 2735 (ἴα
860 2686 1160 2761 qrammauoum.
1378 2667 1393 2737 1

308 2790 445 2863 Sedulo
464 2790 559 2864 tritis
579 2796 615 2865 et
635 2789 845 2866 commixtis
866 2792 962 2865 adde

333 2917 453 3020 iquuc
474 2917 683 2996 dostiiiciuc
736 2925 939 3016 qrammata
960 2918 1079 2992 dorem.
1350 2919 1398 2991 10

307 3048 515 3121 Ferveiiant
534 3047 573 3121 in
593 3047 783 3121 cucurbita
799 3049 847 3120 ad
861 3047 1064 3141 perfectam
1079 3047 1176 3120 acidi
1193 3049 1398 3122 arsenicosi

199 3176 442 3263 solutionem
461 3175 687 3267 refrigeratis
703 3176 798 3248 adde

336 3301 494 3405 Spiritus
514 3302 704 3381 aromatici
757 3309 960 3400 drammata
979 3302 1132 3399 quinque
1374 3307 1397 3378 5

336 3429 457 3533 iquos
478 3427 687 3509 destillatio
743 3431 976 3526 quantitatem
994 3431 1230 3524 sufficientem,

198 3565 240 3633 ut
257 3560 408 3653 pondus
427 3558 542 3632 totius
562 3558 759 3633 solutionis
779 3559 828 3632 sit
884 3565 1128 3657 yrommaium
1147 3564 1290 3632 centum.
1324 3559 1400 3632 100

307 3685 402 3760 Dein
420 3687 529 3762 filtra.

308 3814 363 3888 Sit
390 3815 513 3908 liquor
540 3815 736 3909 limpidae,
775 3815 911 3890 coloris
948 3837 1102 3911 experS,
1141 3815 1401 3910 peraloalinus

200 3942 264 4035 qui
302 3942 409 4016 acido
447 3942 733 4034 hydrochlorico
776 3949 1097 4038 supersuuntur,
1131 3944 1258 4018 addita
1303 3966 1402 4037 aqua

199 4070 504 4162 hydrosuliurata
529 4071 725 4164 copiosum
752 4073 1036 4166 praecipitatum
1064 4073 1204 4146 flavum
1233 4072 1401 4146 demittit.

311 4197 528 4272 Grammata
542 4199 707 4292 quinque
724 4200 930 4274 Soluiionis
946 4199 1162 4274 arsonicalis
1182 4220 1268 4274 cum
1283 4221 1402 4292 aquae

201 4324 410 4397 destillatae
427 4328 605 4416 grammis
621 4327 749 4418 viginti
771 4331 807 4400 et
821 4331 1025 4419 grammate
1043 4349 1120 4402 uno
1139 4327 1249 4402 natrii
1263 4327 1400 4420 hydro-

201 4451 388 4526 earbonici
427 4454 637 4546 commixta,
677 4460 901 4528 consumant
937 4455 1134 4528 minimum
1166 4454 1248 4546 jodi
1293 4455 1401 4527 milli·

202 4586 411 4673 grammaia
449 4588 598 4656 centum
643 4587 681 4656 et
713 4583 843 4674 viginti
882 4588 966 4657 octo
1006 4583 1178 4674 (oiim,
1217 4605 1287 4677 ope
1316 4582 1402 4656 kalii

198 4707 317 4797 jodati
349 4708 611 4798 decigrammis
641 4709 788 4783 duobus
823 4711 862 4782 in
895 4729 1014 4801 aquae
1052 4710 1259 4784 destillatae
1289 4710 1402 4784 centi-
