3576 5454
839 530 1081 603 -bub-

716 851 892 962 Radix
919 851 1202 962 Graminis.

740 1080 938 1165 thizoma
960 1079 1177 1161 Graminis.

472 1273 643 1348 Triticum
681 1299 799 1371 repens
836 1277 975 1365 Linn.,
1013 1278 1143 1370 planta
1178 1277 1353 1367 rediviva,
1380 1278 1427 1350 ad
1465 1277 1553 1367 vias,

359 1425 480 1495 sepse,
500 1403 538 1476 in
558 1404 656 1494 agris
675 1404 988 1496 frequentissima.
1016 1403 1236 1477 Gramioeoe.

468 1529 653 1604 Rhizoma
670 1532 941 1623 longissimum,
961 1553 1166 1621 ramosum,
1192 1533 1370 1605 siccatum
1404 1535 1452 1606 ad
1485 1537 1553 1608 tria

358 1658 569 1732 millimetra
589 1681 771 1748 crassum,
804 1660 1021 1733 internodiis
1056 1660 1130 1733 duo
1167 1661 1215 1732 ad
1249 1665 1411 1752 quatuor
1443 1664 1551 1736 centi-

359 1791 478 1859 metra
492 1787 624 1880 longis
641 1788 832 1879 fistulosis
849 1793 957 1861 extus
968 1788 1133 1877 sulcatis,
1146 1788 1326 1878 laevibus
1340 1790 1552 1879 nitentibus

359 1917 493 1988 coloris
528 1916 731 2004 straminei,
768 1917 1007 1990 solummodo
1046 1915 1095 1988 ad
1124 1914 1247 1988 nodos
1275 1917 1376 1990 intus
1406 1918 1553 1991 clausos

358 2044 543 2118 radicibus
563 2045 739 2117 tenuibus
760 2049 796 2117 et
814 2045 958 2136 vaginis
979 2044 1286 2132 membranaceis
1308 2045 1451 2135 albidis,
1473 2045 1550 2118 fim-

360 2172 487 2245 briatis
509 2173 683 2245 obsitum.

469 2300 588 2373 Sestio
608 2305 826 2374 transversa
846 2300 1044 2374 internodii
1064 2300 1213 2374 exhibet
1233 2323 1366 2374 cavum
1395 2303 1554 2374 neutrale

360 2435 396 2502 et
415 2429 596 2502 annulum
621 2429 863 2502 subcitrinum
884 2428 1106 2502 efascieulis
1131 2450 1309 2501 vasorum
1330 2429 1553 2518 continuum,

360 2561 468 2630 extus
489 2557 759 2630 circumdatum
785 2560 903 2629 strato
928 2556 1025 2643 alb0,
1050 2556 1175 2648 amylo
1200 2561 1360 2647 carente,
1382 2559 1554 2632 corticali.

469 2684 645 2758 Fodiatur
663 2706 759 2773 vere,
780 2689 984 2775 antequam
999 2683 1109 2756 culmi
1122 2685 1334 2776 prodierint,
1347 2688 1384 2758 et
1402 2687 1554 2758 resectis

358 2813 544 2886 radicibus
565 2813 745 2886 siccatum
765 2815 946 2886 servetur.
965 2811 1191 2904 Plerumque
1211 2813 1387 2901 rhizoma,
1409 2813 1553 2905 saporis

357 2941 559 3029 subdulcis,
581 2941 773 3013 concisum
792 2941 830 3013 in
849 2949 1060 3013 mercatura
1078 2942 1264 3033 provenit.

472 3067 690 3140 Extractum.

506 3392 804 3505 Rauca>
839 3392 1419 3530 mmeramme.

718 3620 915 3698 annona
937 3619 1209 3722 Hydrasudts.

468 3815 661 3910 Hydroslis
681 3815 895 3887 Canadcnsis
913 3816 1050 3906 Linn,
1070 3815 1199 3907 planta
1217 3813 1391 3907 perennis
1411 3811 1551 3884 Ameri-

360 3967 425 4017 cae
446 3944 619 4016 borealis.
641 3943 938 4016 Rariuoculoceoe.

468 4073 653 4145 Rhizoma
686 4073 880 4164 obliquum
915 4078 980 4145 aut
1012 4071 1254 4161 horizontale,
1282 4070 1462 4142 siccatum
1496 4091 1550 4140 ar·-

360 4207 522 4293 cuatum,
560 4203 780 4289 flexuosum,
814 4200 957 4293 passim
993 4201 1297 4286 subtuberosum,
1318 4202 1479 4289 quatuor
1508 4195 1554 4266 ad

360 4330 523 4420 quinque
554 4327 773 4400 centimetra
801 4328 965 4419 longum,
994 4333 1154 4420 quatuor
1174 4327 1221 4398 ad
1241 4330 1325 4397 octo
1346 4323 1556 4396 millimetra

357 4477 537 4545 crassum,
574 4454 993 4546 multiceps-ramosum,
1030 4454 1144 4527 ramis
1180 4453 1369 4544 brevibus
1402 4473 1555 4525 sursum

358 4585 525 4659 cicatrice
541 4583 657 4658 caulis
673 4583 870 4671 excavatis,
883 4583 1188 4671 subannulatum,
1202 4581 1366 4672 undique
1383 4581 1554 4653 emittens

356 4713 500 4789 radices
511 4719 654 4805 tenueS,
665 4712 813 4807 fragiles
825 4731 1029 4803 eorumque
1039 4709 1203 4804 reliquiis
1223 4708 1261 4782 in
1278 4707 1473 4803 superficie
1488 4729 1559 4803 per
