3502 5454
657 557 868 628 45„

164 775 280 863 lacile,
318 794 387 848 nec
418 774 562 847 nonin
591 773 794 867 glycerinO,
829 772 981 845 minime
1014 773 1053 846 in
1087 773 1235 846 aethere
1264 795 1358 866 puro

162 901 350 975 solubiles,

269 1027 424 1101 Ferrum
446 1030 788 1120 sesquichloratum
809 1028 846 1100 in
867 1029 1056 1102 solutione
1078 1051 1223 1121 aquosa
1245 1028 1359 1100 diluta

161 1155 324 1228 colorem
363 1156 596 1244 caeruleum,
648 1156 687 1226 in
730 1160 972 1228 concentrata
1016 1157 1266 1229 sedimenturn
1313 1178 1358 1228 ex

162 1283 331 1356 caeruleo
350 1283 540 1375 nigricans
561 1282 743 1376 producit,
773 1283 875 1374 quod
897 1283 1003 1356 acido
1032 1284 1211 1356 sull'urico
1233 1283 1359 1356 addito

159 1410 356 1483 evanescit.

268 1537 427 1610 Aridum
455 1538 492 1610 in
528 1539 694 1630 quinque
722 1539 891 1633 partibus
919 1559 1041 1630 aquae
1071 1539 1249 1625 solutum,
1276 1537 1359 1630 pari

158 1665 347 1739 volumine
363 1666 515 1760 spiritus
533 1665 609 1739 vini
630 1666 788 1758 adjecto,
805 1666 1030 1740 solutionem
1044 1665 1358 1759 limpidam,reac-

158 1793 270 1865 tionis
287 1793 414 1867 acidae
428 1794 620 1885 praebeat,
637 1816 735 1886 quae
749 1794 809 1865 vel
824 1793 976 1866 dimidio
993 1793 1154 1866 aetheris
1168 1792 1357 1865 volumine

158 1919 285 1992 addito
324 1942 372 1993 ne
409 1921 589 1994 turbetur.
626 1921 902 2012 ,Fervelacturn
939 1922 977 1995 in
1015 1922 1157 1994 lamina
1193 1921 1358 2014 platinea

159 2047 347 2139 deflagrat,
368 2048 501 2121 cineris
521 2049 671 2121 nonnisi
689 2049 846 2141 vestigia
865 2049 1093 2140 relinquens

461 2388 681 2498 rioldum
705 2392 1045 2499 tartaricum.

265 2613 436 2704 Crystalli
466 2613 701 2705 prismaticae
730 2615 789 2688 vel
813 2614 1119 2704 tabulaelormeS,
1150 2615 1357 2701 decolores

153 2740 375 2834 diophanae,
387 2741 598 2832 frequenter
610 2742 650 2814 in
665 2748 814 2816 crustas
834 2748 1041 2830 concretae,
1058 2725 1354 2834 adrepersisten-

153 2873 222 2957 tes,
243 2868 414 2941 facillime
435 2868 474 2941 in
495 2890 605 2961 aqua,
621 2869 727 2942 facile
746 2870 786 2942 in
806 2871 939 2963 spiritu
959 2871 1035 2942 vini
1055 2870 1245 2942 solubiles

263 2997 405 3070 Solutio
426 3018 585 3088 aquosa,
619 3019 706 3070 cum
734 2997 922 3070 solutione
955 2998 1043 3070 kalii
1072 2997 1200 3070 acetici
1229 2996 1356 3087 mixta,

153 3123 256 3195 brevi
288 3128 456 3217 ternpore
484 3124 595 3197 efficit
632 3125 885 3199 sedimentum
915 3126 1170 3217 crystallinum
1197 3124 1355 3212 decolor,

153 3251 323 3323 nitidum.
345 3251 503 3325 Aridum
524 3252 563 3325 in
582 3253 723 3325 lamina
741 3253 906 3345 platinea
925 3251 1179 3340 fervefactum,
1200 3252 1355 3325 odorem

154 3377 327 3451 sacchari
346 3379 436 3451 tosti
466 3400 662 3472 spargens
698 3379 943 3468 carbonescit,
977 3379 1135 3470 ignitum
1165 3378 1357 3471 deflagrat,

154 3505 349 3578 minimum
370 3505 504 3578 cineris
524 3507 753 3598 relinquens

262 3631 305 3704 ln
325 3633 512 3706 solutione
529 3655 677 3726 aquosa
698 3634 734 3724 (1
756 3657 762 3704 :
784 3635 846 3724 10)
867 3654 936 3706 nec
952 3635 1067 3706 calcio
1084 3633 1273 3720 sulfurico,
1288 3654 1358 3706 nec

155 3761 274 3854 baryo
303 3762 447 3852 uitrico,
483 3784 552 3835 nec
581 3763 772 3835 ammonia
803 3768 972 3835 saturata
1006 3762 1195 3836 ammonio
1216 3762 1359 3835 oxalico

156 3889 338 3962 turbetur.
368 3889 479 3982 Aqua
498 3889 809 3980 hydrosullurata
833 3891 871 3962 in
903 3890 1088 3962 solutione
1118 3895 1360 3962 concentrata

156 4016 253 4089 acidi
275 4018 310 4108 (1
332 4039 339 4088 :
359 4018 397 4108 b)
418 4038 489 4090 nec
516 4017 689 4109 colorem,
718 4039 788 4090 nec
808 4018 1058 4090 sedimentum
1080 4018 1359 4110 fusco-nigrum

157 4143 212 4214 vel
233 4144 475 4235 superaddita
495 4144 686 4217 ammonia
706 4145 901 4237 producat.

264 4269 388 4342 Pulvis
426 4270 648 4366 odropboros.
688 4271 810 4344 Pulvis
848 4272 1062 4368 adropborus
1109 4271 1355 4346 Seidlilzcosia

155 4397 377 4493 Mounesium
399 4398 555 4469 uitricum
574 4396 798 4490 effarescens.
