3502 5454
680 545 892 618 ..13-

184 766 221 836 ct
249 763 398 836 aethere
431 763 605 836 facillime
635 763 827 852 solubilis,
862 783 983 854 aquae
1012 762 1218 854 vaporibus
1249 763 1385 851 avolat,

184 891 307 963 calore
327 889 469 963 circiter
492 893 592 964 156Ο
615 891 793 983 liquescit.

292 1018 386 1091 Cum
407 1019 522 1090 calcio
543 1020 705 1111 oxydato
722 1020 942 1093 calefactum
958 1040 1117 1111 vapores
1134 1016 1267 1090 emittit
1287 1018 1381 1090 acidi

184 1145 365 1217 carbolici.
393 1144 437 1217 In
466 1166 567 1238 aqua
596 1146 773 1235 solutum,
802 1147 899 1218 terro
928 1145 1222 1237 sesquichlorato
1244 1145 1383 1232 addit0,

184 1273 348 1345 colorem
366 1272 486 1346 induit
501 1294 546 1345 ex
566 1273 732 1346 violaceo
752 1273 917 1346 rubrum.

292 1398 335 1471 In
369 1400 496 1472 decem
528 1400 699 1491 partibus
728 1400 880 1493 spiritus
915 1399 991 1472 vini
1025 1399 1193 1472 solutum
1227 1405 1382 1492 argento

183 1527 324 1614 nitrico,
359 1527 473 1618 guttis
495 1527 637 1619 aliquot
657 1527 751 1600 acidi
770 1527 890 1600 nitrici
919 1527 1106 1616 admixtis,
1134 1549 1182 1600 ne
1207 1531 1381 1602 mutetur.

185 1655 278 1728 Cum
295 1654 467 1746 sextuplo
483 1654 648 1746 pondere
669 1655 764 1727 acidi
779 1653 945 1727 sulfurici
966 1655 1193 1727 corrccntrati
1214 1653 1381 1745 mixtum,

185 1782 346 1854 colorem
367 1781 520 1854 omnino
534 1801 613 1853 non
628 1782 764 1853 trahat.
778 1781 919 1855 Solutio
940 1781 1142 1873 spirituosa
1154 1801 1224 1853 sua
1245 1787 1381 1874 sponte

185 1909 232 1984 ad
248 1910 389 1984 siccum
405 1915 621 2001 evaporata,
642 1910 832 1983 residuum
854 1910 965 2002 plane
987 1909 1113 1981 album
1132 1910 1327 2001 relinquat.

275 2322 492 2433 dcidum
521 2323 847 2431 sulfuricunr
874 2325 1299 2431 concontratum.

290 2546 430 2637 Liquor
449 2545 618 2634 decolor,
653 2545 778 2618 odoris
799 2567 949 2638 expers
983 2547 1066 2618 oleo
1087 2544 1228 2632 similis
1259 2546 1380 2619 calore

182 2671 357 2762 volatilis
392 2673 570 2766 ponderis
605 2673 765 2766 specifici
803 2673 904 2748 1·84.
940 2673 1051 2764 Aqua
1083 2673 1233 2760 dilutus,
1266 2673 1382 2765 baryo

182 2802 312 2875 nitrico
333 2802 508 2892 admixto,
530 2802 783 2875 sedimentum
810 2803 947 2890 album,
973 2801 1012 2873 in
1032 2822 1133 2892 aqua
1153 2802 1246 2874 etin
1266 2801 1380 2873 acidis

184 2927 393 3017 insolubile,
415 2928 582 3002 demittit.

291 3055 450 3128 Aridum
471 3077 556 3128 cum
578 3056 773 3149 quintuplo
794 3056 983 3129 volumine
1004 3055 1158 3148 spiritus
1178 3056 1252 3128 vini
1273 3061 1381 3130 caute

185 3183 343 3255 dilutum
371 3183 430 3254 rel
463 3189 551 3276 post
579 3185 726 3276 longius
753 3184 933 3277 temporis
963 3183 1199 3256 intervallum
1228 3205 1275 3256 ne
1303 3190 1379 3256 tur·

183 3312 305 3400 betur3
343 3333 427 3384 cum
463 3311 659 3404 quintuplo
696 3311 886 3385 volumine
913 3333 1033 3404 aquae
1054 3311 1223 3400 dilutum,
1254 3332 1381 3404 super-

183 3438 267 3510 fusa
293 3439 481 3511 solutione
502 3440 588 3513 ferri
610 3441 774 3512 sulfurici
795 3463 850 3524 eo,
873 3463 948 3533 quo
968 3441 1132 3532 liquores
1151 3461 1191 3511 sc
1212 3443 1381 3530 tangunt,

183 3570 300 3638 strato
335 3587 471 3639 zonam
505 3568 651 3640 fuscam
685 3589 732 3641 ne
766 3569 948 3640 exhibeat.
987 3567 1124 3640 Decem
1164 3567 1381 3639 centimetra

183 3695 313 3766 cubica
328 3693 433 3782 acidi,
450 3715 535 3766 cum
553 3695 711 3789 decupla
722 3696 928 3788 quantitate
941 3717 1062 3789 aquae
1079 3693 1206 3784 diluta,
1219 3694 1381 3766 colorem

182 3822 337 3895 rubrum
371 3843 457 3895 cum
490 3822 607 3896 tribus
642 3824 720 3896 sive
746 3829 908 3916 quatuor
940 3825 1052 3916 guttis
1078 3822 1274 3896 solutionis
1295 3821 1380 3893 kalii

184 3948 513 4040 lrypcrmanganici
558 3952 592 4042 (1
615 3973 622 4022 :
644 3951 762 4040 1000)
798 3952 981 4040 effectum,
1024 3971 1091 4044 per
1134 3949 1381 4042 quadrantem

184 4076 325 4149 circiter
339 4077 456 4149 horae
478 4084 639 4151 servent.
661 4078 819 4151 Aridum
840 4084 948 4151 caute
968 4079 1006 4150 in
1026 4098 1166 4170 aquam
1183 4076 1381 4168 hydrosul-

184 4205 344 4277 iuratam
364 4204 584 4279 instillatum
603 4227 651 4278 ne
672 4212 752 4278 tum
784 4207 936 4298 quidem
964 4206 1134 4277 turbetur
1163 4208 1227 4277 aut
1257 4205 1381 4278 colore

185 4331 290 4404 viridi
310 4333 505 4422 inficiatur,
526 4354 642 4424 quum
664 4334 894 4405 ammoniam
915 4333 1170 4405 abundantem
1187 4336 1222 4404 et
1242 4352 1382 4403 ammo·

185 4458 288 4530 nium
310 4459 531 4533 sulfuratum
552 4459 760 4546 addideris;
790 4459 903 4532 vicies
924 4481 1023 4551 aqua
1048 4460 1206 4532 dilutum
1226 4463 1382 4550 argento

184 4586 315 4658 nitrico
340 4607 388 4658 ne
413 4587 589 4658 turbetur.
617 4585 659 4658 ln
680 4592 865 4679 apparatu
883 4586 1038 4658 Marslrii
1059 4586 1313 4659 examinatum
1332 4608 1380 4659 ne

186 4711 387 4802 vestigium
413 4713 563 4803 quidem
584 4713 730 4804 speculi
750 4712 909 4785 arscnici
930 4713 1027 4785 edat.
