3576 5454
757 629 759 634 ¹
874 529 1167 617 --188--Ι

507 761 649 835 Solutio
666 783 814 853 aquosa
828 767 1080 850 conceutrata,
1096 761 1295 834 reactionis
1312 761 1524 850 subacidae,
1539 768 1595 841 est

399 888 560 977 decolor,
606 891 729 962 tractu
775 890 955 982 temporis
998 889 1128 963 leviter
1166 889 1363 961 dumtaxat
1408 889 1594 979 rubescat,

399 1015 567 1087 admixto
589 1015 697 1089 acido
718 1015 1003 1108 hydrochlorico
1030 1017 1226 1108 crystallus
1255 1016 1375 1105 albaS,
1406 1016 1444 1088 in
1463 1016 1594 1109 spiritu

398 1142 472 1214 vini
507 1147 544 1215 et
572 1143 722 1216 aethere
759 1144 939 1217 solubiles
961 1144 1130 1217 demittit.
1157 1142 1299 1215 Eadem
1328 1143 1446 1235 baryo
1465 1143 1593 1218 uitrico

397 1274 542 1342 tentata
578 1291 626 1342 ne
665 1274 840 1360 mutetur,
879 1292 949 1344 nec
987 1271 1114 1344 addito
1153 1269 1259 1342 acido
1298 1270 1429 1344 uitrico
1469 1270 1592 1360 diluto,

399 1396 581 1488 crystallis
598 1396 693 1468 acidi
704 1397 880 1489 salicylici
894 1420 962 1490 per
976 1398 1216 1472 filtrationem
1230 1396 1427 1489 separatis
1444 1402 1592 1490 argento

398 1523 531 1597 uitrico
551 1523 734 1596 turbetur.

508 1650 679 1724 Natrium
698 1651 929 1743 salicylicum
949 1653 987 1724 in
1007 1651 1115 1725 acido
1150 1651 1327 1724 sulfirrico
1354 1657 1592 1725 concentrato

399 1778 481 1850 sine
502 1777 783 1851 effervescentia
804 1779 982 1868 solvatur,
1005 1778 1096 1871 quin
1115 1779 1310 1851 coloretur.

724 2153 967 2261 Natrium
993 2153 1270 2262 silicicum.

507 2377 647 2470 Liquor
656 2377 843 2470 limpidus,
858 2377 1009 2451 decolor
1017 2379 1078 2450 vel
1088 2378 1383 2468 subflavescenS,
1394 2377 1594 2451 reactiouis

400 2505 591 2592 alcalinae,
610 2503 788 2597 ponderis
810 2505 973 2597 specifici
997 2503 1094 2595 rm,
1115 2506 1250 2580 additis
1265 2505 1380 2580 acidis
1396 2504 1595 2596 gelatinam

402 2631 586 2704 efformat.
1525 2707 1528 2713 r

508 2757 603 2830 Cum
624 2763 760 2850 quarta
778 2760 957 2853 ponderis
972 2759 1032 2834 sui
1046 2763 1152 2853 parte
1168 2759 1321 2854 spiritus
1343 2760 1417 2832 vini
1440 2782 1593 2833 concen-

396 2887 484 2959 irati
531 2885 671 2958 mixtus
718 2887 1002 2980 praecipitatum
1040 2886 1213 2980 deponat.
1260 2885 1383 2979 Hujus
1428 2887 1593 2960 defectus

397 3013 655 3107 praesentiam
691 3013 801 3086 natrii
825 3012 1105 3111 hydrooxydati
1141 3013 1246 3087 liberi
1287 3013 1438 3087 indicat.
1479 3015 1593 3088 Coni-

397 3141 496 3233 gilur
529 3140 604 3212 tale
624 3144 891 3233 praeparatum
921 3141 1117 3233 coquendo
1153 3141 1335 3234 liquorem
1369 3165 1454 3216 cum
1488 3143 1592 3216 acido

396 3266 658 3360 hydrosilicico
678 3271 848 3340 recenter
867 3273 1010 3361 parato.

457 3633 716 3772 'Natrinm
743 3660 1058 3770 sulfuricum
1087 3661 1525 3802 crystallisutum.

849 3889 913 3968 sar
937 3888 1140 3970 Glauberi.

508 4086 681 4180 Crystalli
696 4081 903 4176 decolores,
919 4085 1147 4176 fatiscentes,
1165 4086 1235 4159 sub
1251 4091 1507 4178 temperatura
1519 4087 1590 4158 33ο

381 4217 434 4289 'in
456 4216 565 4289 tertia
583 4213 762 4307 ponderis
781 4218 889 4306 parte
916 4235 1038 4307 aquae
1059 4213 1248 4288 solubiles.
1270 4212 1413 4286 Solutio
1443 4233 1593 4306 aquosa,

397 4343 597 4416 reactionis
615 4343 797 4429 neutrius
822 4342 940 4433 baryo
966 4339 1096 4414 uitrico
1115 4340 1402 4434 praecipitatum
1421 4341 1461 4414 in
1481 4340 1593 4413 acidis

398 4469 595 4544 insolubile
613 4470 779 4562 praebet,
798 4469 993 4541 flammam
1012 4467 1137 4541 colore
1156 4467 1256 4541 flavo
1275 4467 1400 4541 inficit.

508 4596 651 4670 Solutio
699 4617 846 4689 aquosa
892 4617 962 4668 nec
1009 4617 1110 4688 aqua
1164 4595 1482 4688 hydrosulfurata‚
1530 4615 1595 4667 nec

399 4725 589 4798 ammonio
600 4723 794 4812 sulfirrat0,
806 4744 876 4795 nec
887 4722 1078 4796 ammonio
1094 4723 1252 4810 oxalic0,
1267 4744 1390 4816 neque
1407 4722 1597 4795 ammonia
