3502 5454
888 501 1102 580 -40--

391 727 456 798 tat.
485 723 605 817 Magis
628 729 872 799 conceutrata
891 723 1021 820 (1:20)
1043 723 1155 818 guttis
1174 724 1365 798 nonnullis
1389 721 1604 799 solutionis

393 853 479 925 kalii
511 853 786 946 hydrooxydati
818 854 999 943 turbetur,
1032 876 1110 927 non
1142 875 1232 927 vero
1275 855 1467 927 ammonia
1516 851 1604 924 sive

394 981 583 1054 ammonio
604 981 814 1055 carbonico.

502 1125 646 1218 Exigua
665 1127 787 1220 portio
807 1127 977 1221 Atropini
997 1127 1174 1216 sulfurici,
1199 1128 1314 1220 guttis
1335 1129 1478 1220 aliquot
1498 1126 1603 1200 acidi

394 1252 515 1328 uitrici
549 1255 728 1328 fumantis
771 1255 896 1342 mixta,
931 1261 1043 1347 atque
1070 1255 1108 1327 in
1126 1256 1261 1328 balneo
1296 1277 1417 1347 aquae
1442 1256 1603 1340 siccata,

394 1380 590 1455 residuum
623 1382 782 1471 exhibet,
821 1383 924 1475 quod
961 1383 1220 1474 refrigeratum
1254 1404 1339 1455 cum
1378 1388 1485 1474 gutta
1519 1401 1604 1455 una

394 1509 590 1582 solutionis
629 1510 850 1600 spirituosae
872 1509 959 1582 kalii
977 1507 1251 1600 hydrooxydati
1267 1509 1451 1602 extemplo
1469 1510 1602 1581 colore

396 1637 563 1710 violaceo
585 1637 622 1709 in
640 1637 796 1709 rubrum
815 1642 1032 1710 transeunte
1051 1637 1222 1709 inficitur.

504 1782 764 1875 Milligramma
778 1804 895 1855 unum
906 1783 1076 1875 Atropini
1093 1783 1258 1856 sulfurici
1278 1783 1316 1855 in
1331 1783 1461 1856 tubulo
1477 1781 1603 1855 vitreo

395 1931 517 2001 usque
538 1910 586 1981 ad
606 1910 857 1984 evolutionem
877 1910 1026 2002 vaporis
1048 1910 1121 1982 albi
1140 1910 1383 1983 fervefactum
1403 1916 1450 1999 et,
1471 1931 1602 2001 gram-

395 2041 495 2110 mate
521 2058 598 2109 uno
624 2041 661 2110 et
690 2037 840 2110 dimidio
867 2036 962 2110 acidi
993 2037 1160 2110 sulfurici
1180 2036 1410 2111 concentrati
1436 2034 1604 2127 adjectu,

396 2186 538 2252 rursus,
565 2164 683 2237 donec
708 2165 920 2237 fervescere
944 2163 1109 2257 incipiat,
1135 2165 1367 2252 calefactum,
1394 2163 1539 2250 emittit,
1569 2162 1607 2232 si

397 2297 607 2383 grammata
623 2293 696 2364 duo
718 2313 839 2384 aquae
856 2291 1055 2379 addideris,
1076 2290 1232 2364 odorem
1251 2310 1417 2378 suavem,
1432 2289 1605 2362 maxime

396 2420 635 2512 peculiarem,
675 2419 738 2509 qui
772 2419 986 2509 crystallulo
1007 2418 1092 2489 kalii
1107 2417 1438 2510 hypermanganici
1456 2415 1607 2509 injecto

398 2547 436 2619 in
455 2547 609 2619 odorem
629 2545 700 2618 olei
720 2546 1002 2637 amygdalarum
1026 2565 1243 2617 amararum
1263 2545 1426 2618 aetherei
1446 2543 1604 2618 transit.

781 3087 1035 3228 axungia
1058 3085 1230 3202 Porci.

842 3315 983 3418 Adeps
1007 3315 1158 3394 suillus.

505 3507 680 3599 Axungia
712 3509 813 3602 porci
837 3510 979 3582 venalis
1014 3515 1194 3602 purgetur
1222 3509 1487 3601 liquefactione
1514 3530 1608 3581 cum

397 3657 498 3728 aqua
533 3635 663 3707 calida.
694 3635 803 3708 Elota
835 3641 872 3708 et
905 3637 952 3707 ab
986 3658 1086 3728 aqna
1118 3642 1374 3729 temperatura
1404 3639 1501 3708 1000
1538 3635 1605 3706 vix

397 3763 593 3836 excedenti
618 3764 713 3835 inter
738 3762 979 3854 agitationem
997 3768 1220 3856 perpetuam
1241 3764 1398 3836 liberata
1417 3763 1464 3835 sit
1484 3761 1603 3834 albis-

343 3863 349 3872 ’
396 3891 502 3979 sima,
527 3891 604 3963 fere
628 3891 801 3978 inodora,
830 3891 977 3982 saporis
996 3891 1133 3980 blandi,
1164 3912 1243 3963 non
1275 3891 1416 3964 rancidi
1447 3894 1482 3963 et
1508 3911 1602 3962 con-

395 4019 590 4094 sistentiae
606 4016 786 4108 unguenti
805 4017 940 4090 mollis.

504 4163 664 4255 Spiritus
691 4161 766 4233 vini
798 4161 964 4233 fervidus
998 4183 1085 4234 cum
1114 4184 1159 4234 ea
1189 4165 1481 4254 conquassatus
1515 4166 1603 4234 tum

395 4289 634 4380 refrigeratus
679 4294 717 4362 et
751 4286 898 4380 aequali
937 4293 1043 4380 parte
1083 4310 1203 4380 aquae
1239 4288 1390 4378 dilutus
1426 4290 1600 4362 chartam

395 4416 682 4508 exploratoriam
701 4437 749 4489 ne
769 4419 897 4488 mutet.

502 4544 668 4638 Aesopia
684 4543 790 4617 Porci
805 4541 975 4615 benenato.
993 4541 1152 4614 Ceratum
1167 4543 1319 4636 friscam.
1340 4543 1435 4636 Sapo
1457 4543 1601 4616 medici-

392 4670 494 4743 nalis.
514 4669 732 4765 Emplastra.
761 4671 948 4768 Unguenta.
