3502 5454
658 552 874 625 ..19-

275 767 441 841 Miscella
470 774 544 842 stet
575 770 659 844 loco
685 770 816 862 bigido
837 792 904 863 per
922 771 1051 864 viginti
1071 777 1231 866 quatuor
1250 775 1365 848 horas

168 893 319 986 saepius
346 895 541 988 agitando,
573 902 653 970 turn
686 897 767 971 cola
793 903 829 970 et
854 899 1027 993 exprime,
1059 901 1150 992 quin
1173 902 1366 975 residuum

169 1022 284 1095 eluas.
315 1022 530 1096 Colaturam
549 1024 657 1098 filtra.

275 1151 414 1243 Liquor
433 1151 609 1225 obtentus
625 1153 677 1261 'sit
695 1153 882 1247 limpiduS,
895 1153 1031 1226 coloris
1053 1177 1197 1247 experS,
1218 1156 1365 1248 saporis

169 1280 447 1372 adstringentis,
469 1281 675 1369 subdulcia,
695 1282 894 1355 reactionis
915 1283 1055 1372 acidae,
1074 1283 1203 1354 leviter
1218 1283 1366 1356 acidum

169 1408 350 1481 aceticum
377 1408 563 1498 redolenS,
594 1411 771 1503 ponderis
800 1411 960 1504 specifici
989 1410 1293 1484 roll-tolo.
1322 1410 1364 1483 ln

166 1536 302 1609 balneo
324 1559 443 1628 aquae
469 1539 701 1628 fervefactus,
722 1544 828 1632 parte
848 1538 1160 1632 quinquagesima
1185 1538 1270 1610 kalii
1290 1539 1364 1611 sul-

167 1663 271 1736 fruici
298 1664 443 1754 addita,
475 1667 708 1760 coagulatur,
736 1667 974 1759 refrigeratus
1007 1665 1109 1738 brevi
1134 1669 1300 1758 ternpore
1325 1666 1364 1737 in

166 1793 348 1885 liquorem
368 1793 564 1886 limpidum
583 1796 788 1868 revertitur.

282 1919 375 1992 Cum
397 1920 532 2015 duplici
553 1923 742 1996 volumino
761 1923 911 2017 spiritus
934 1923 1006 1996 vini
1026 1923 1254 1995 concontrati
1273 1923 1363 1996 mix-

167 2051 230 2117 tus
265 2047 416 2120 nonnisi
456 2051 661 2141 opalescat,
695 2072 742 2124 ne
776 2073 864 2124 vero
900 2050 1150 2122 sedimenturn
1184 2049 1361 2142 deponat.

165 2172 276 2267 Aqua
294 2174 596 2267 hydrosulfurata
614 2199 662 2251 ne
681 2183 762 2251 mut
784 2182 853 2252 tur.

277 2303 449 2377 Continet
457 2305 495 2376 in
511 2309 661 2378 centum
676 2306 844 2397 partibus
860 2309 985 2398 partes
1002 2305 1142 2377 circiter
1158 2305 1180 2376 8
1198 2304 1361 2376 alcuninii

166 2430 378 2503 subacetici.

418 2845 742 2954 flumininm
770 2846 1105 2955 sulfuricum.

272 3069 408 3142 Frusta
434 3071 660 3162 crystallina,
691 3071 787 3176 alba,
807 3071 847 3143 in
867 3093 966 3164 aqua
984 3071 1118 3162 frigida
1136 3070 1254 3158 facile,
1275 3070 1361 3142 iaci-

164 3195 234 3268 lius
253 3197 291 3269 in
310 3197 454 3270 fervida
473 3197 655 3287 solubilia,
676 3199 714 3270 in
734 3197 867 3291 spiritu
886 3199 961 3271 nni
981 3221 1059 3273 non
1078 3199 1287 3272 solvuntur.

273 3324 415 3398 Solutio
432 3346 587 3418 aquosa,
608 3326 807 3399 reactionis
825 3326 1004 3416 aridulae,
1026 3332 1084 3399 est
1102 3326 1249 3419 saporis
1265 3326 1361 3398 acidi

14 3455 15 3458 ’
163 3453 463 3544 constringentis;
485 3453 611 3525 addito
629 3453 726 3525 kalio
742 3453 1025 3545 hydrooxydato
1046 3453 1202 3527 efficitur
1221 3453 1361 3545 praeci-

162 3581 323 3674 pitatum
337 3580 475 3668 album,
492 3580 754 3671 gelatinosum,
771 3581 873 3674 quod
893 3581 1092 3654 excedente
1108 3581 1206 3653 kalio
1226 3581 1360 3672 hydro-

164 3707 326 3799 oxydato
345 3708 496 3800 limpide
512 3708 685 3796 solvitur;
707 3709 843 3782 solutio
859 3709 962 3800 baryi
977 3709 1096 3781 nitrici
1111 3709 1360 3781 sedimentum

162 3835 318 3928 praebet
337 3834 474 3925 albuni,
494 3836 533 3908 in
553 3836 668 3908 acidis
689 3836 895 3908 insolubile.

271 3962 383 4054 Aqua
415 3961 731 4053 hydrosulfurata,
768 3962 945 4036 solutioni
979 3961 1157 4034 illuminii
1194 3963 1359 4036 sulfurici

163 4089 399 4177 admixtam
416 4087 601 4161 coloretur
620 4109 713 4164 neve
733 4091 911 4179 turbetur,
931 4089 1123 4163 ammonia
1142 4089 1357 4163 abundante

164 4217 302 4304 addita,
317 4215 603 4310 praecipitatum
622 4217 709 4290 inde
732 4223 856 4291 ortum
875 4218 922 4291 sit
942 4219 1074 4290 coloris
1095 4238 1198 4289 mere
1219 4217 1300 4290 albi.

272 4341 415 4416 Solutio
431 4365 577 4436 aquosa
594 4365 679 4416 cum
694 4345 878 4418 solutione
893 4345 979 4417 kalii
995 4344 1230 4436 ferricyanati
1248 4366 1356 4436 prae-

163 4471 354 4565 cipitatum
375 4470 588 4543 caeruleum
606 4492 653 4542 ne
674 4470 771 4561 edat,
787 4493 922 4565 neque,
945 4471 1135 4546 ammonia
1155 4472 1356 4546 excedente

163 4597 300 4686 addita,
330 4597 513 4689 liquorem
539 4598 736 4689 praebeat,
763 4597 826 4690 qui
855 4599 1107 4672 asedimento
1128 4599 1215 4671 inde
1245 4604 1356 4672 enato

161 4725 360 4797 filtratione
380 4728 587 4817 separatus,
609 4725 799 4797 ammonio
820 4725 1003 4798 sulfurato
1023 4726 1201 4799 turbetur.

1140 4863 1176 4918 ᾖ*
