3502 5454
870 541 1080 612 „14-

487 760 685 833 Contineat
703 760 742 831 in
761 764 911 832 centum
932 759 1104 852 partibus
1124 757 1321 831 minimum
1343 759 1432 829 960
1452 762 1585 849 partes

377 889 474 960 acidi
495 887 672 961 sulfurici.

487 1015 724 1107 Quapropter
750 1013 915 1106 quinque
938 1013 1018 1104 ejus
1040 1013 1259 1085 centimetra
1279 1012 1408 1085 cubica
1435 1014 1475 1104 (5
1503 1012 1580 1099 CC)

377 1167 477 1236 aqua
506 1144 553 1215 ad
585 1144 792 1235 quingenta
823 1143 1042 1216 centimetra
1072 1141 1203 1215 cubica
1233 1143 1328 1232 (500
1355 1139 1427 1231 00)
1457 1140 1583 1213 diluta

377 1273 561 1365 liquorem
603 1272 830 1364 praebeant,
879 1269 986 1362 cm'us
1028 1270 1156 1342 decem
1193 1269 1411 1341 centimetra
1449 1267 1585 1340 cubica

380 1400 449 1490 (10
466 1399 550 1492 CC),
568 1403 608 1471 ut
623 1402 758 1471 neutra
774 1399 946 1485 evadant,
968 1398 1164 1470 minimum
1178 1396 1329 1488 triginta
1344 1416 1410 1467 sex
1426 1395 1493 1485 (36
1507 1394 1584 1480 00)

380 1526 595 1598 centimetra
625 1525 757 1598 cubica
784 1525 981 1598 solutionis
1021 1524 1294 1597 acidimetricae
1320 1522 1586 1595 deeinormalis

379 1658 615 1726 consumant.

486 1780 624 1876 Liqaor
643 1781 764 1853 acidus
783 1779 933 1853 Halm-t.

560 2103 780 2211 lolium
808 2102 1124 2211 sollurioum
1151 2101 1395 2212 dilutum.

378 2289 483 2383 Rpe:
518 2288 616 2366 laidi
640 2288 808 2366 sollariol
828 2290 1051 2368 oonoertrati
1108 2297 1305 2390 yrammata
1324 2298 1454 2364 centum
1506 2291 1585 2363 100

514 2417 636 2519 Aquae
657 2415 864 2496 (instillatus
1007 2426 1204 2515 yrammata
1219 2417 1472 2517 quadrinqeuto

1061 2547 1278 2643 septemium
1299 2570 1366 2620 sex.
1500 2548 1584 2620 476

488 2674 601 2746 Misce
623 2673 773 2746 aeidum
792 2674 831 2746 in
853 2697 990 2766 aquam
1011 2674 1237 2748 instillando.

487 2801 541 2874 Sit
560 2801 737 2893 ponderis
760 2802 923 2894 specifici
949 2803 1046 2874 lla.

485 2929 581 3021 Apte
598 2927 755 3001 dilutum
776 2929 935 3000 eandem
951 2928 1134 3002 rationem
1149 2929 1198 3000 ad
1218 2930 1410 3021 reagentia
1430 2929 1581 3020 habeat,

378 3077 493 3147 quam
512 3055 671 3128 liuidum
692 3056 911 3128 sulfuricum
931 3061 1225 3130 concontratum.

487 3181 684 3255 Contineat
712 3183 750 3255 in
789 3191 940 3257 eentum
968 3183 1136 3276 partibus
1168 3189 1294 3276 partes
1333 3186 1446 3259 1666
1481 3185 1581 3258 acidi

377 3309 552 3398 suliuriei
568 3309 657 3383 hino
673 3309 800 3384 decem
817 3311 899 3402 eJus
916 3311 1131 3384 centimetra
1148 3312 1281 3384 cubica
1296 3311 1363 3407 (10
1376 3311 1460 3404 00),
1477 3331 1581 3404 aqua

377 3438 424 3508 ad
446 3437 666 3510 centimetra
695 3438 826 3510 cubica
855 3442 1004 3511 centum
1036 3439 1130 3528 (100
1152 3438 1224 3530 00)
1246 3438 1373 3528 diluta,
1393 3439 1582 3531 liquorem

376 3564 594 3656 praebeant,
623 3564 731 3656 cujus
752 3565 969 3638 centimetra
988 3565 1118 3637 cubica
1138 3565 1266 3638 decem
1287 3567 1354 3656 (10
1376 3566 1447 3658 00)
1468 3565 1579 3638 mini·

377 3713 482 3763 mum
511 3692 728 3764 centimetra
757 3693 891 3765 cubica
922 3693 1072 3785 triginta
1096 3698 1179 3766 octo
1201 3697 1238 3765 et
1257 3714 1375 3765 unam
1394 3693 1582 3766 decimam

234 3839 236 3843 ’
376 3823 520 3912 partem
555 3819 755 3911 (38·100)
789 3819 987 3893 solutionis
1008 3819 1281 3893 aeidimetricae
1312 3819 1581 3893 decinormalis

377 3952 613 4037 consumant,
633 3952 675 4020 ut
693 3952 825 4020 neutra
844 3947 1058 4020 reddantur.

704 4269 922 4379 lolium
949 4271 1246 4379 tannioum.

866 4443 1102 4523 Tanninum.

486 4602 613 4675 Pulvis
642 4603 750 4676 albus
780 4605 841 4678 vel
869 4603 1076 4692 subflavuS,
1109 4601 1189 4676 sive
1215 4603 1385 4675 lamellae
1404 4603 1583 4693 nitentes

376 4730 526 4821 saporis
556 4731 698 4803 austeri
728 4730 1004 4822 adstringentis,
1033 4730 1072 4802 in
1102 4751 1202 4820 aqua
1231 4734 1267 4802 et
1294 4729 1330 4801 in
1353 4730 1484 4822 spiritu
1503 4730 1584 4802 vini
