3502 5454
635 555 847 627 ..47-

377 876 617 988 Caloium
638 873 1104 1020 hypoohlorosum.

544 1103 724 1184 Calcaria
748 1105 939 1184 ohlorata.

247 1302 375 1376 Pulvis
415 1302 545 1390 albae,
585 1298 754 1372 chiorum
786 1301 982 1389 redolens,
1022 1301 1168 1394 saporis
1207 1301 1341 1390 acerbi,

138 1431 336 1504 humorem
355 1430 570 1518 adtrahens,
599 1427 638 1500 in
666 1449 766 1520 aqua
787 1433 968 1521 exparte,
997 1429 1035 1500 in
1056 1427 1183 1519 acidis,
1214 1428 1342 1501 chloro

136 1557 288 1648 largiter
308 1558 459 1647 emisso,
479 1558 556 1630 sere
577 1577 624 1629 ex
643 1560 723 1629 toto
745 1555 927 1629 solubilis.

246 1703 444 1778 Contineat
480 1703 519 1776 in
569 1707 718 1776 centum
754 1702 924 1795 partibus
971 1709 1098 1796 partes
1148 1705 1342 1776 minimum

136 1832 263 1924 viginti
292 1832 374 1923 (ho)
409 1832 526 1904 chlori
555 1832 675 1919 activi,
712 1830 799 1904 inde
829 1831 932 1903 color
969 1830 1163 1906 solutionis
1197 1831 1340 1923 indigo·

137 1959 291 2033 carmini
312 1959 505 2032 caeruleus
520 1960 559 2032 in
574 1959 729 2032 viridem
743 1958 821 2031 sive
836 1957 1102 2032 ssavo-fuscum
1116 1965 1290 2050 mutetur,
1311 1961 1343 2034 si

137 2087 217 2179 ejus
238 2088 334 2161 duas
353 2093 477 2160 tresve
501 2092 626 2178 guttas
645 2085 884 2160 instillaveris
913 2086 1092 2160 misturae
1111 2093 1267 2180 paratae
1297 2110 1341 2161 ex

246 2249 386 2323 Calcii
414 2249 749 2342 hypochlorosi
802 2255 996 2339 qrammoic
1014 2273 1084 2321 uno
1321 2254 1337 2325 1

245 2414 403 2507 Aquae
433 2413 701 2487 destillatae
758 2413 931 2510 mammis
952 2418 1082 2484 centum
1264 2417 1342 2490 100

246 2578 381 2651 Acidi
419 2578 687 2653 arsenicosi
724 2578 768 2652 in
807 2579 936 2651 acido
976 2578 1342 2671 hydrochlorico

147 2704 354 2779 dilutos
385 2728 420 2799 q.
452 2706 595 2780 soluti

317 2833 577 2931 milliqrammie
596 2833 747 2906 ducentis
767 2833 989 2930 septuoqinto
1007 2835 1166 2932 quinque.
1224 2833 1344 2909 olla

256 2977 430 3052 Servetur
447 3001 538 3053 vase
567 2979 694 3069 vitre0,
724 2981 819 3053 bene
849 2980 1000 3068 siccato,
1030 2978 1159 3052 clauso
1189 2985 1225 3052 et
1252 2979 1345 3052 lucis
1477 3067 1480 3072 ¹

148 3126 303 3179 accessu
317 3111 475 3179 remoto,

458 3517 694 3627 Caloium
723 3518 1035 3662 oxydntum.

550 3747 731 3828 Calcaria
754 3747 946 3827 caustica.

258 3943 449 4036 Eligantur
467 3945 586 4018 frusta
605 3944 731 4025 densa,
753 3965 867 4035 quam
890 3944 1051 4016 maxime
1082 3944 1177 4032 alba,
1207 3965 1347 4036 aquam

149 4071 319 4160 sitientia,
350 4093 444 4165 quae
475 4071 626 4144 dimidia
653 4070 829 4163 ponderis
857 4075 961 4162 parte
991 4092 1112 4162 aquae
1141 4091 1348 4164 conspersa

149 4221 378 4293 magnopere
398 4199 542 4272 servent
556 4204 592 4272 et
609 4198 648 4270 in
667 4196 860 4290 pulverem
879 4196 1107 4283 dilabuntur;
1129 4219 1215 4269 curn
1230 4197 1347 4271 tribus

149 4350 269 4423 usque
290 4333 451 4421 quatuor
469 4326 637 4420 partibus
658 4345 778 4418 aquae
797 4325 939 4418 pultem
955 4325 1118 4417 spissam
1138 4325 1347 4413 efformem,

150 4459 189 4530 in
215 4456 321 4530 acido
340 4452 627 4547 hydrochlorico
646 4452 796 4526 nonnisi
817 4452 971 4544 paulurn
991 4453 1294 4525 effervescentem
1315 4456 1350 4525 et

150 4584 314 4658 maxima
333 4603 377 4655 ex
398 4585 502 4674 parte
524 4579 732 4653 solubilem.
874 4589 876 4592 ’
1247 4562 1252 4572 ’

261 4731 364 4824 Aqua
386 4723 509 4800 Uolcis.
546 4724 700 4798 Onlrium
722 4724 1017 4824 oaysrelsuratum.
