3574 5454
655 547 864 616 ..93-

271 760 418 833 Macera
446 782 512 853 per
545 760 673 854 viginti
701 766 863 853 quatuor
892 761 1018 849 horas,
1054 760 1189 835 ‹leimle
1218 762 1357 836 sortiter

162 889 326 982 exprime
347 893 383 961 et
401 888 553 963 residuo
574 889 725 962 affunde

298 1013 419 1112 Aque
439 1012 650 1093 «tantillulae
702 1022 904 1113 praeamata
923 1014 1026 1086 mim.
1257 1016 1359 1089 1000

268 1145 359 1217 Post
391 1144 563 1218 iteratam
592 1165 660 1236 per
687 1143 815 1236 viginti
850 1148 1012 1235 quatuor
1040 1144 1156 1216 horas
1191 1165 1356 1216 macera·

160 1271 303 1345 tionem
327 1277 364 1344 et
383 1271 677 1365 expressionem,
698 1271 864 1364 liquores
885 1269 1107 1342 commixtos
1132 1269 1359 1342 subsidendo

161 1399 365 1490 depuratos
405 1403 442 1471 et
480 1398 529 1470 ad
568 1398 825 1472 ebullitionem
868 1397 1079 1484 calefactos
1123 1397 1260 1470 deinde
1293 1418 1361 1490 per

162 1547 329 1618 palmum
376 1526 518 1598 colatos
562 1525 600 1597 in
639 1524 778 1598 balneo
819 1545 940 1618 aquae
979 1524 1027 1596 ad
1074 1524 1361 1598 consistentiam

162 1653 313 1727 extracti
333 1652 445 1745 spissi
466 1673 643 1746 evapora.

443 1974 759 2083 llxtractnm
788 1972 1072 2084 litaminis,

271 2234 427 2309 Paretur
456 2257 475 2308 e
505 2235 645 2308 Radice
676 2233 861 2308 Graminis
891 2234 1042 2306 concisa
1078 2239 1120 2308 ut
1148 2235 1362 2309 Extractum

164 2363 378 2451 Gentianae,
405 2364 646 2456 evaporando
674 2363 724 2435 ad
751 2362 1035 2436 consistentiam
1055 2364 1210 2436 extracti
1228 2363 1366 2438 tenuis.
1456 2453 1461 2472 x

306 2817 813 2927 llwlracmm
853 2814 1236 2928 Graeculi.

437 3061 678 3140 Extractum
701 3059 878 3139 Punicae
903 3059 1085 3140 Granati.

272 3255 429 3330 Paretur
455 3279 475 3330 c
506 3257 649 3330 Cortice
679 3253 834 3330 Granati
859 3255 1052 3347 pulverato
1082 3259 1120 3327 ut
1150 3253 1364 3328 Extractum

165 3383 321 3456 Aconiti.

218 3818 722 3928 Eoelraomm
759 3815 1316 3954 Hydruntum

571 3979 954 4112 liuidum.
1349 4045 1353 4052 -

166 4202 267 4295 Rpe:
303 4199 450 4278 ltedlcls
472 4198 698 4300 llytlrmtllls
718 4198 937 4276 venetensis
957 4199 1169 4300 pulvensim

817 4337 1016 4426 praeamata
1036 4335 1169 4402 centum
1289 4332 1364 4402 100

275 4458 462 4531 Humeeta
480 4458 673 4551 pulverem
694 4479 779 4531 cum

305 4580 463 4684 Spiritus
483 4580 559 4658 lint
580 4582 690 4660 lllluti
828 4608 860 4679 q.
882 4607 923 4676 a,

168 4714 259 4806 quin
279 4713 532 4807 conglobetur.
556 4713 703 4804 Sepone
723 4734 791 4805 per
810 4712 954 4784 horam.
