3502 5454
636 583 846 658 ..43-

629 799 859 919 Bennoi.

564 1012 719 1092 Resina
740 1013 914 1093 Bonzoe.

256 1205 386 1304 Styror
418 1207 576 1280 Beuzot'u
618 1208 862 1300 Dryander,
900 1209 1013 1281 arbor
1045 1210 1267 1302 praesertim
1304 1210 1343 1282 in

145 1335 320 1408 Sumatra
339 1335 517 1427 indigena
539 1341 575 1409 et
595 1336 707 1408 culta.
739 1333 932 1432 Styraceoe.

256 1462 397 1536 Succus
417 1463 620 1553 resinosus,
656 1468 792 1556 sponte
825 1464 885 1536 vel
913 1463 1012 1538 sacta
1040 1465 1184 1537 arboris
1214 1466 1344 1539 vulne-

143 1592 289 1664 ratione
321 1591 509 1683 prosunda
543 1591 711 1678 effluens
746 1597 831 1664 adra
864 1591 1069 1680 induratus
1104 1592 1201 1666 sistit
1228 1615 1347 1686 grana

147 1718 573 1811 rotundato-angulata,
616 1718 741 1810 quoad
784 1719 1081 1811 magnitudinem
1122 1721 1348 1814 inaequalia,

146 1847 214 1919 sed
232 1846 452 1939 plerumque
472 1846 666 1938 amphora,
695 1846 890 1937 usquead
916 1847 1100 1920 nonnulla
1128 1847 1347 1921 centimetra

147 1974 184 2045 in
219 1974 401 2046 diametro
433 1973 580 2046 resinae
602 1973 758 2062 solidae,
788 1972 923 2045 coloris
951 1973 991 2047 in
1018 1975 1181 2047 fractura
1207 1975 1346 2049 recenti

149 2102 335 2174 conchata
363 2101 485 2190 lactei,
515 2123 621 2176 cerae
650 2101 771 2173 instar
797 2101 959 2189 nitentis
995 2124 1091 2195 quae
1130 2104 1347 2177 substantia

148 2229 294 2320 exigua,
328 2229 463 2321 partim
484 2250 630 2321 perosa,
666 2251 810 2322 aspera,
843 2228 986 2317 friabili,
1020 2229 1347 2323 adiposonitente,

148 2356 282 2428 coloris
302 2379 322 2430 e
342 2356 657 2449 subrubro-grisei
676 2356 736 2429 vel
755 2356 1150 2448 griseo-luscescentis
1180 2358 1219 2430 in
1247 2357 1343 2448 frag-

148 2484 284 2557 mentis
313 2483 489 2556 tenuibus
520 2482 728 2574 diaphana,
758 2483 797 2556 in
826 2504 974 2561 massus
1003 2483 1228 2576 irregulares
1258 2505 1344 2556 eon·

148 2614 251 2683 creta
268 2613 365 2682 sunt.

256 2736 322 2809 Est
350 2735 498 2809 Benzoe'
525 2737 649 2810 odoris
674 2737 875 2828 gratissimi
903 2737 1112 2811 vanillacei.
1142 2738 1185 2811 In
1214 2738 1346 2831 spiritu

147 2863 223 2936 vini
242 2862 318 2936 leni
337 2863 460 2937 calore
480 2865 555 2936 fere
576 2886 622 2937 ex
642 2870 720 2938 toto
742 2864 909 2939 solvitur.
941 2866 1085 2940 Solutio
1104 2867 1243 2939 filtrata
1262 2887 1347 2938 cum

147 3011 248 3082 aqua
266 2989 451 3082 liquorem
469 2990 634 3064 lacteum
652 2993 854 3065 reactionis
875 2992 1004 3066 acidae
1024 2993 1188 3086 praebet.

261 3134 438 3208 Tinctum.
460 3136 628 3233 Acuuqio
648 3136 755 3209 Porci
774 3135 949 3210 benzoula.

384 3456 720 3568 Bismuthum
748 3459 1118 3578 subnitricum.

491 3669 770 3774 Magistorium
793 3671 1004 3751 Bismuthi.

147 3864 250 3957 Rpe:
280 3859 457 3940 llisnutlri
477 3861 665 3941 subtiliter
677 3861 859 3964 pulrcrcti
883 3873 1081 3963 grummolo
1096 3865 1237 3939 ducenta
1269 3867 1346 3940 200

287 3987 379 4066 llattt
395 3989 519 4068 uitrici
885 4000 1083 4090 qrumruato
1102 3994 1226 4091 viginti
1296 3994 1347 4067 20

152 4119 277 4191 intime
293 4119 410 4191 mixta
424 4119 463 4190 in
484 4120 684 4210 crucibulo,
696 4121 819 4195 calore
837 4123 980 4195 sensim
999 4128 1121 4211 aucto,
1141 4121 1349 4213 liquescant

150 4250 186 4319 et
224 4246 377 4339 saepius
424 4245 600 4337 agitando
647 4269 714 4341 per
761 4249 1006 4341 quadrantem
1054 4249 1170 4323 horae
1217 4249 1347 4323 fluant.

149 4373 342 4446 Metallum
379 4371 622 4464 liquefactum
669 4375 708 4448 in
756 4398 896 4469 aquam
944 4379 1105 4452 effusum
1152 4399 1176 4450 a
1220 4377 1350 4450 scoriis

150 4505 358 4593 separetur.

287 4623 396 4726 liujus
416 4622 554 4704 mctalli
572 4629 720 4728 purgati
739 4629 883 4707 ruditcr
901 4630 1080 4732 pulcanti

883 4767 1081 4857 grammata
1100 4767 1229 4832 centum
1274 4762 1348 4834 100
