3574 5454
673 586 914 658 -165-

472 803 1096 914 Laoluoarmm.

298 1077 453 1150 Lactucc
490 1077 611 1149 virosa
647 1078 786 1166 Lino,
825 1078 952 1170 planta
990 1078 1166 1170 perennis
1204 1077 1390 1170 indigena,

189 1204 333 1296 passim
354 1206 466 1277 culta.
492 1201 719 1299 Compositae.

299 1332 440 1405 Succus
455 1333 597 1405 lacteus
615 1333 786 1422 siccatus,
798 1336 946 1428 prostat
955 1333 993 1404 in
1003 1332 1132 1405 frustis
1150 1331 1391 1420 deformibus

191 1480 382 1532 summum
401 1459 508 1532 nucis
515 1458 707 1552 juglandis
726 1459 994 1552 magnitudine,
1012 1459 1210 1552 superficie
1227 1459 1392 1551 gibbosis

192 1590 228 1657 et
247 1586 401 1678 asperis
432 1586 561 1660 autin
591 1587 795 1678 segmentis
826 1586 1033 1677 majoribus
1064 1585 1270 1680 sphaericis
1291 1607 1391 1658 com·

192 1713 323 1805 pactis
346 1713 545 1806 superficie
558 1713 810 1802 laeviusculis,
832 1718 941 1786 extus
963 1715 1103 1807 opacis,
1117 1713 1390 1787 colorissusco-

190 1841 275 1912 flavi
297 1845 364 1913 aut
382 1840 490 1929 fusci,
512 1841 629 1913 cultro
651 1862 759 1914 cerae
779 1842 900 1914 instar
919 1842 1148 1931 scindendiS,
1169 1839 1207 1913 in
1227 1842 1392 1914 sectione

193 1969 326 2041 albidis
336 1968 577 2058 autcinereiS,
590 1990 696 2041 cerae
708 1969 1052 2058 insternitentibuS,
1062 1969 1255 2062 pulverem
1267 1971 1391 2042 lusco·

193 2095 333 2167 flavum
354 2095 633 2187 praebentibus,
654 2095 781 2169 odoris
810 2097 1008 2189 peculiaris
1028 2095 1217 2185 narcotici,
1245 2096 1393 2188 saporis

187 2221 385 2315 peramari,
418 2223 489 2295 sub
519 2223 778 2298 masticatione
807 2224 982 2297 dentibus
1019 2222 1295 2316 aliquantulum
1324 2224 1389 2295 ad-

188 2349 446 2424 haerentibus

298 2478 538 2551 Lactuarium
557 2478 691 2551 dificile
711 2479 854 2551 conteri
876 2482 1010 2571 potest,
1035 2499 1159 2571 neque
1188 2498 1297 2570 aqua,
1322 2477 1393 2550 nisi

191 2605 319 2678 addito
359 2604 508 2678 Gummi
546 2605 715 2694 Acaciae,
755 2606 1003 2678 emulsionem
1040 2604 1188 2677 fuscam
1225 2606 1390 2698 praehet.

188 2730 299 2824 Aqua
323 2737 470 2805 coctum
489 2733 672 2805 mollescit
700 2733 738 2804 in
766 2754 936 2806 massam
965 2737 1157 2819 tenacem;
1187 2733 1309 2826 liquor
1336 2732 1390 2804 fil-

186 2858 349 2932 tratione
380 2859 567 2949 obtentus
598 2859 787 2953 limpidus,
818 2860 1046 2949 lascescens,
1079 2859 1207 2932 addito
1224 2858 1315 2951 j0d0
1344 2881 1392 2933 ne

188 2987 385 3059 coloretur.
420 2985 463 3058 ln
483 2987 619 3080 spiritu
638 2986 713 3059 vini
735 2993 769 3060 et
785 2986 936 3060 aethere
958 2987 1197 3059 solummodo
1218 3008 1265 3059 ex
1285 2990 1390 3077 parte

186 3113 1391 3207 solvitur;solutiospirituosaferrosesquichloratonemutetur.

186 3240 228 3312 ln
248 3241 411 3313 cinerem
439 3241 636 3314 redactum
665 3243 806 3314 residui
835 3264 883 3314 ne
913 3243 998 3334 plus
1029 3264 1144 3335 quam
1174 3245 1391 3313 excentum

185 3368 356 3460 partibus
377 3369 508 3441 decem
527 3368 727 3462 relinquat.

624 3853 963 3962 honolinum.

295 4115 421 4186 Massa
450 4115 685 4206 unguinosa,
714 4115 808 4201 alba,
841 4115 969 4187 odoris
999 4115 1077 4187 fere
1107 4135 1258 4206 expers,
1285 4133 1388 4185 reac-

185 4240 298 4313 tionis
319 4241 497 4332 neutrius
519 4242 655 4314 balneo
676 4263 798 4334 aquae
820 4241 992 4333 exposita
1006 4241 1180 4333 liquescit
1199 4246 1236 4313 et
1256 4241 1294 4312 in
1314 4240 1389 4312 duo

185 4372 303 4440 strata
324 4389 513 4461 aquosum
534 4390 663 4458 unum,
684 4368 885 4460 adiposum
905 4369 1064 4442 alterum
1084 4368 1306 4460 sejungitur.

293 4494 518 4567 Lanolinum
534 4517 633 4589 aqua
651 4495 800 4589 privum
814 4495 853 4568 in
873 4497 1038 4587 aethere,
1054 4495 1213 4569 benzolo
1230 4500 1266 4568 et
1285 4495 1386 4567 chlo-

184 4621 361 4695 roformio
380 4623 553 4714 perfecte,
573 4623 613 4695 in
637 4623 771 4716 spiritu
790 4623 865 4696 vini
886 4628 1127 4697 concenlrato
1148 4622 1332 4697 difficilius
1353 4628 1389 4694 et

183 4749 334 4822 nonnisi
354 4771 400 4822 ex
419 4755 526 4843 parte
548 4750 716 4842 solvitur,
736 4752 775 4823 in
795 4772 891 4844 aqua
915 4751 1115 4826 insolubile
1135 4757 1204 4824 est.
