3576 5454
679 534 920 608 -195-

308 752 449 824 Charta
467 751 716 842 exploratoria
736 752 867 844 spiritu
888 752 964 825 vini
979 752 1197 825 humectata
1217 753 1289 825 hoc
1317 753 1400 825 oleo

200 879 397 952 dumtaxat
416 879 638 971 perpaulum
658 879 829 952 rubefial.

307 1006 438 1079 Calore
460 1008 507 1078 0⁰
532 1005 671 1079 diutius
693 1006 899 1099 sepositum
920 1006 1071 1078 stearini
1092 1006 1195 1096 nihil,
1225 1007 1284 1080 vel
1304 1029 1397 1080 nou-

198 1132 271 1206 nisi
290 1133 499 1226 pauxillum
519 1133 699 1206 demittat.

567 1417 751 1527 tllcum
774 1417 1044 1562 iuniperi.

307 1623 335 1694 E
355 1623 535 1695 fructibus
556 1623 720 1717 iuniperi
739 1630 922 1717 paratum,
954 1625 1002 1699 sit
1021 1624 1227 1719 limpidum,
1254 1627 1405 1699 decolor

199 1751 259 1823 vel
279 1771 298 1823 e
317 1749 423 1822 viridi
442 1751 592 1840 ssavum,
612 1757 735 1841 tenue,
765 1752 891 1826 odoris
918 1757 955 1825 et
980 1753 1128 1844 saporis
1152 1753 1291 1846 proprii
1320 1775 1401 1826 aro·

200 1877 334 1967 matici,
359 1877 537 1970 ponderis
563 1901 662 1972 spec.
683 1901 816 1952 versus
837 1880 967 1952 osto.
996 1880 1039 1953 In
1064 1881 1195 1973 spiritu
1215 1879 1290 1952 vini
1312 1902 1401 1952 con·

200 2008 365 2079 centrato
383 2026 518 2098 parum
539 2007 694 2080 solubile
715 2012 782 2080 est.

314 2132 530 2230 Unqueulum
551 2134 795 2205 aromaticum.
826 2133 1045 2230 Unquantum
1065 2131 1241 2230 Junipcti.

601 2417 785 2528 tlleum
815 2420 993 2527 bauri.
1066 2437 1069 2444 ’

307 2643 440 2716 Oleum
456 2663 475 2714 e
491 2643 674 2715 fructibus
685 2642 896 2715 recentibus
908 2643 1018 2714 Lauri
1031 2665 1101 2738 ope
1114 2642 1299 2716 coctionis
1316 2664 1402 2716 cum

199 2793 299 2863 aqua
319 2775 355 2842 et
374 2770 617 2862 expressione
637 2775 821 2861 paratum,
858 2770 1042 2861 unguenti
1071 2769 1251 2844 mollioris
1279 2769 1400 2843 consi-

198 2898 367 2986 stentiae,
377 2897 634 2990 granulosum,
646 2897 782 2969 coloris
799 2897 938 2989 viridiS,
957 2897 1083 2970 odoris
1093 2896 1241 2985 laurini,
1252 2897 1398 2990 saporis

197 3025 404 3114 balsamici,
440 3024 559 3098 amari
592 3029 629 3096 et
660 3024 876 3116 unguinosi.
907 3024 963 3097 Sit
995 3024 1033 3097 in
1067 3025 1195 3118 sesqui
1228 3024 1399 3117 partibus

198 3153 360 3228 aetheris
381 3154 492 3246 plane
514 3153 683 3226 solubile.

314 3279 533 3376 Unqueulum
553 3279 797 3350 aromaticum.

513 3582 697 3692 tlleum
722 3583 1091 3693 bavandulac.

309 3809 337 3880 E
377 3807 530 3880 floribus
566 3807 804 3881 Levandulae
842 3813 1025 3900 paratum,
1070 3807 1119 3880 sit
1157 3809 1306 3881 decolor
1346 3809 1404 3880 vel

200 3937 495 4023 subllavescenS,
527 3933 735 4027 limpidum,
772 3939 892 4024 tenue,
932 3935 1057 4008 odoris
1093 3935 1228 4007 florum
1261 3936 1404 4007 Lavan·

202 4063 312 4136 dulae
331 4062 541 4154 peculia1iS,
562 4061 707 4155 saporis
728 4063 929 4152 aromatici,
949 4061 1076 4150 amari,
1097 4061 1275 4154 ponderis
1303 4083 1403 4154 spec.

202 4191 514 4277 0·885-0·895;
562 4189 732 4262 facillime
779 4189 817 4261 in
874 4189 1003 4282 spuitu
1041 4188 1117 4262 vini
1165 4194 1404 4263 concentrato

201 4317 372 4392 solubile.

312 4443 550 4516 lint'meutum
578 4443 1045 4538 saponaria-comploratam.
1082 4441 1247 4516 Mixtura
1282 4446 1404 4518 oleoso·

201 4571 404 4644 balsamico.
447 4569 603 4666 Spiritus
639 4577 841 4666 sanciatus,
896 4570 1118 4668 [loquentum
1156 4572 1403 4644 aromaticum.

1071 4750 1074 4757 ι

210 4697 428 4794 Uuyuentum
451 4697 654 4794 Diocleylon.
685 4696 904 4796 Unquartum
926 4696 1138 4770 Subuculae.

1136 4835 1188 4889 13*
