3502 5454
614 559 823 631 ,63-

230 779 503 871 Centigramma
524 777 674 852 Cocaini
695 777 968 869 hydrochlorici
986 777 1024 850 in
1040 775 1203 869 quinque
1220 777 1315 848 deci·

120 906 299 1001 grammis
338 927 459 999 aquae
498 907 663 980 solutum
699 905 855 978 rubrum
898 906 1060 978 colorem
1102 926 1169 997 per
1205 905 1317 977 breve

12 1039 14 1086 ἵ
118 1041 269 1128 tempus
280 1034 408 1122 induit,
420 1033 452 1108 si
463 1038 568 1127 gutta
583 1033 660 1105 una
675 1031 872 1104 solutionis
887 1033 973 1104 kalii
987 1032 1317 1124 hypermanganici

12 1171 14 1216 i
118 1160 322 1254 (1:1000)
354 1160 591 1249 admiscetur,
619 1159 738 1233 tribus
768 1161 827 1232 vel
847 1165 1009 1252 quatuor
1037 1158 1152 1251 guttis
1181 1157 1318 1231 additis

12 1297 14 1344 ῐ
118 1288 216 1363 idem
253 1289 355 1362 color
387 1287 535 1380 longius
564 1293 714 1381 tempus
753 1286 927 1380 persistit,
963 1287 1053 1380 quin
1087 1308 1318 1380 mangonum

12 1427 14 1476 ῑ
118 1416 441 1509 hyperoxydatum
480 1415 705 1489 demittatur.
756 1413 899 1488 Solutio
939 1420 1192 1504 concentram,
1233 1437 1318 1488 cum

12 1557 15 1604 ἓ
118 1549 223 1634 gutta
238 1565 315 1616 una
335 1543 532 1617 solutionis
548 1543 636 1616 kalii
654 1541 987 1636 hypermanganiei
1003 1544 1037 1634 (1
1055 1565 1062 1614 :
1079 1543 1169 1636 100)
1190 1543 1318 1634 mixta,

12 1689 15 1734 r
118 1671 245 1745 statim
260 1671 509 1744 sedimentum
529 1670 914 1762 microcrystallinum,
934 1668 1143 1744 violaceum
1163 1670 1318 1744 Cocaini

12 1857 13 1864 ,
120 1799 449 1892 hypermanganici
469 1798 632 1892 deponit.

227 1943 371 2017 Solutio
410 1963 556 2036 aquosa
594 1943 755 2034 Cocaini,
797 1942 926 2016 addita
972 1965 1050 2016 una
1093 1949 1195 2034 gutta
1233 1945 1316 2017 terri

12 2077 15 2124 ὲ
117 2070 413 2164 sesquiehlorati,
448 2070 611 2143 colorem
638 2071 763 2145 trahat
791 2073 946 2160 luteum,
981 2071 1131 2143 minime
1153 2093 1197 2143 ex
1228 2074 1314 2145 sub-

12 2189 15 2254 ὲ
119 2200 290 2272 caeruleo
311 2198 466 2271 viridem
487 2201 552 2270 aut
572 2198 797 2270 caeruleum.

228 2345 442 2419 Solutiones
490 2343 642 2416 Cocaini
697 2365 799 2420 mox¹
838 2344 1172 2436 decomponuntur‚
1232 2344 1318 2418 hinc

12 2479 14 2514 ³
118 2473 269 2546 nonnisi
293 2473 340 2545 ad
361 2470 680 2564 dispensationem
699 2478 876 2563 parentur
896 2477 932 2544 et
959 2472 1042 2544 loco
1072 2471 1205 2563 frigido
1235 2494 1317 2546 ser-

121 2611 263 2674 ventur.

482 3043 973 3192 Ooffedrmm.

12 3389 13 3396 .
230 3311 402 3404 Crystalli
422 3311 626 3384 aciculares
654 3309 802 3403 longae,
822 3311 1013 3402 flexibiles
1034 3310 1142 3384 serici
1162 3310 1320 3385 nitorem

12 3503 14 3508 ,
122 3440 351 3526 exhibentes,
397 3437 602 3528 decolores,
651 3437 852 3512 calefactae
898 3438 1111 3531 liquescunt
1157 3443 1194 3512 et
1240 3439 1320 3513 sine

12 3633 13 3642 ,
120 3567 270 3642 residuo
310 3572 525 3660 evaporant,
573 3567 681 3640 facile
719 3568 917 3640 solvuntur
953 3567 992 3639 in
1030 3590 1131 3661 aqua
1167 3567 1319 3659 fervida,

12 3673 13 3680 ‘
122 3694 317 3768 difficulter
330 3695 370 3767 in
385 3694 529 3787 frigida,
549 3694 692 3768 facilius
712 3695 751 3767 in
770 3694 1042 3783 chromanno,
1068 3697 1193 3770 minus
1213 3698 1320 3771 raone

120 3820 161 3893 in
179 3819 309 3913 spiritu
342 3820 429 3910 vini,
462 3841 597 3913 pamm
629 3821 668 3892 in
702 3820 861 3894 aethere.
897 3818 1038 3893 Solutio
1073 3842 1230 3914 aquosa,
1260 3847 1319 3898 re-

12 4023 13 4028 ,
121 3947 277 4020 aetionis
302 3947 482 4037 neutrius
517 3953 573 4021 est
607 3947 753 4041 saporis
787 3947 986 4020 subamari.
1021 3946 1247 4041 Coffe'r'num,
1281 3953 1320 4024 in

12 4063 13 4068 ’
122 4095 223 4167 aqua
233 4074 350 4148 chlori
360 4076 527 4148 solutum
542 4080 580 4149 et
594 4075 779 4148 solutione
793 4076 832 4147 in
842 4075 976 4148 balneo
988 4096 1110 4168 aquae
1122 4079 1319 4169 exsiccata,

121 4202 313 4276 residuum
351 4225 396 4275 cx
434 4203 543 4275 rutilo
582 4203 721 4276 ssavum
758 4202 941 4291 exhibeat,
980 4204 1081 4296 quod
1118 4205 1319 4296 vaporibus

123 4330 334 4403 ammoniae
381 4329 594 4421 expositum
641 4335 707 4404 aut
753 4329 943 4402 ammonia
985 4331 1242 4405 humectatum
1282 4333 1316 4405 in

123 4458 287 4529 colorem
305 4478 538 4566 purpureum
558 4457 703 4530 transit.

232 4601 350 4674 Aeido
371 4603 549 4676 sulfurico
570 4608 810 4677 concentrato
831 4604 1087 4677 humectatum
1107 4604 1319 4680 Colle'r'num

122 4751 170 4802 ne
191 4730 391 4803 coloretur.
