3576 5454
902 529 1142 601 —a56-

702 867 934 1010 Spiritus
961 866 1082 975 llini
1108 865 1342 1009 Cognac.

533 1108 562 1180 Ε
583 1109 669 1182 vino
688 1109 935 1181 destillatione
950 1115 1104 1201 paratus
1125 1109 1173 1180 sit
1187 1107 1520 1201 limpiduS,coloris
1539 1109 1620 1181 ssavi

424 1241 489 1309 aut
523 1258 543 1308 e
577 1237 681 1308 ssavo
704 1236 808 1324 susci,
843 1235 968 1309 odoris
1003 1239 1039 1307 et
1073 1235 1218 1328 saporis
1253 1235 1391 1324 suavis
1426 1237 1621 1329 spirituosi,

421 1370 560 1451 neuter,
580 1364 759 1456 ponderis
781 1362 944 1455 specifici
964 1363 1271 1436 oona-osan

530 1491 584 1564 Sit
614 1491 661 1564 ab
682 1491 850 1562 alcoholc
881 1489 1038 1581 amylico
1059 1491 1169 1582 plane
1189 1491 1281 1563 liber
1311 1496 1347 1563 et
1371 1491 1559 1563 contineat
1585 1491 1620 1563 in
1750 1519 1751 1524 ¹

420 1622 571 1692 centum
607 1617 785 1711 ponderis
820 1616 990 1708 partibus
1024 1617 1273 1710 quadraginta
1306 1618 1470 1710 quinque
1503 1639 1619 1709 usque
1750 1703 1751 1708 η

424 1746 695 1838 quinquaginta
713 1743 891 1838 ponderis
911 1749 1038 1836 partes
1058 1744 1254 1818 alcoholis

538 1874 664 1944 Vinum
689 1872 830 1944 Chiaca

420 2321 775 2434 §lobium
798 2323 1616 2438 uarro-rarrartcum.

505 2551 672 2629 Kalium
701 2550 1089 2630 stibio-tartaricum.
1114 2553 1307 2628 Tartarus
1332 2551 1542 2628 emeticus,

812 2698 1006 2775 Tartarus
1033 2696 1231 2774 stibiaius.

532 2908 705 3000 Crystalli
740 2909 993 3000 tetraedricae,
1021 2910 1138 3000 albae,
1159 2915 1245 2981 aare
1283 2908 1517 2999 fatiscenteS,
1546 2909 1619 2982 sive

421 3035 544 3128 pulvis
571 3036 799 3128 albissimus
821 3038 967 3129 saporis
987 3037 1150 3129 primum
1170 3036 1299 3128 dulciS,
1321 3036 1406 3108 dein
1436 3037 1619 3126 imitantia,

424 3163 609 3255 metallici,
628 3163 667 3235 in
688 3185 797 3254 aqua,
817 3163 999 3257 imprimis
1020 3163 1162 3235 fervida
1180 3163 1285 3236 facile
1307 3164 1488 3236 solubilis

534 3291 676 3364 Solutio
697 3313 853 3383 aquosa,
870 3290 1069 3364 reactionis
1088 3291 1218 3362 leviter
1237 3291 1374 3382 acidae,
1396 3313 1495 3382 aqua
1516 3290 1619 3362 calcis

424 3419 674 3492 sedimentum
683 3420 839 3512 praebet
854 3420 991 3510 album,
1007 3419 1044 3490 in
1061 3418 1167 3490 acido
1183 3417 1323 3489 acatico
1339 3417 1445 3490 facile
1460 3417 1619 3503 solubile,

423 3547 530 3619 acido
557 3547 842 3638 hydrochlorico
864 3546 1050 3618 acidulata
1079 3567 1177 3637 aqua
1201 3545 1506 3636 hydrusulsurata
1524 3565 1619 3636 prac-

424 3674 616 3767 cipitalum
655 3676 926 3766 aurantiacum,
966 3674 1154 3746 ammonio
1194 3672 1391 3745 carbonico
1428 3671 1619 3744 insolubile

428 3801 599 3874 demittit.

540 3928 644 4002 Stibii
670 3928 953 4000 Kalio-tartarici
978 3949 1147 4020 gramma
1175 3925 1368 4000 dimidium
1396 3925 1435 3998 in
1454 3925 1620 4018 grammis
1750 3919 1751 3922 ’

426 4059 558 4131 decem
596 4056 691 4129 acidi
718 4055 994 4149 hydrochlorici
1024 4053 1251 4127 concentrati
1280 4054 1456 4143 solutum,
1496 4051 1621 4125 additis

427 4185 540 4277 guttis
569 4184 712 4276 aliquot
750 4205 869 4277 aquae
900 4183 1224 4274 hydrosulluratae
1263 4186 1431 4254 recenter
1467 4185 1621 4274 paratae,
1750 4169 1751 4178 Ξ

424 4333 514 4385 vase
556 4316 656 4384 tecto
693 4313 776 4384 loco
814 4311 940 4403 tepido
979 4309 1198 4402 sepositum,
1246 4329 1314 4380 nec
1350 4308 1622 4400 praecipitatum

424 4440 566 4512 luteum
605 4439 761 4512 arsenici
799 4437 972 4511 sulfurati
1010 4438 1185 4529 deponat,
1220 4457 1288 4507 nec
1317 4433 1431 4525 hujus
1465 4435 1621 4526 vestigiis

426 4568 549 4640 colore
570 4567 669 4639 ssavo
689 4566 885 4639 inficiatur.

546 4693 674 4765 Vinum
703 4692 810 4767 Solu
830 4690 1130 4766 Koila-tartarici.
