3574 5454
688 557 905 631 -103-

307 775 485 848 Gramma
496 795 613 847 unum
624 775 842 865 salis‚acido
852 775 983 850 nitrico
994 773 1253 848 humectatum
1264 780 1301 848 et
1309 780 1396 867 post

197 902 485 976 exsiccationem
520 908 627 976 caute
662 903 830 994 ignitum,
860 903 1056 976 minimum
1089 902 1395 995 centigrammata

196 1030 325 1122 viginti
344 1034 487 1124 septem
513 1031 633 1122 (Oti)
663 1030 749 1103 ferri
775 1031 926 1123 oxydati
939 1030 1135 1123 relinquat,
1152 1031 1252 1123 quod
1274 1052 1394 1123 aquae

196 1157 359 1230 fervidae
378 1156 473 1230 nihil
493 1156 650 1230 solubile
670 1157 868 1251 impertiat.

305 1285 552 1378 inapparatu
572 1284 725 1356 Marsbii
759 1285 1014 1358 examinatum
1048 1286 1204 1378 vestigia
1237 1285 1395 1359 arsenici

196 1433 245 1485 ne
266 1413 447 1485 exhibeat.

306 1540 482 1613 Servetur
500 1561 590 1614 vase
610 1563 632 1613 a
651 1541 734 1614 luce
754 1547 908 1614 remoto.

195 2045 419 2154 Ferrum
455 2052 510 2153 ct
536 2044 782 2153 Natrium
822 2045 1391 2189 pyropbospborioum.

303 2305 430 2379 Pulvis
446 2305 693 2397 crystallinum
711 2305 828 2396 albuS‚
851 2306 997 2398 saporis
1013 2306 1115 2397 salsi,
1136 2327 1214 2379 non
1234 2307 1390 2379 adstrin-

195 2435 324 2525 gentis.

302 2559 345 2632 In
365 2581 466 2651 aqua
484 2559 618 2652 frigida
637 2560 833 2632 difficulter
865 2565 902 2633 et
935 2563 1045 2650 lente,
1072 2560 1140 2634 sed
1163 2561 1274 2653 plane
1294 2561 1393 2634 solu·

194 2687 291 2778 bilis,
311 2687 350 2759 in
382 2686 525 2760 fervida
557 2686 665 2761 facile
699 2687 866 2776 solvitur,
902 2687 1040 2761 solutio
1073 2687 1195 2762 induit
1228 2688 1392 2761 colorem

193 2813 415 2887 subflavum.
436 2813 490 2885 Ex
509 2814 693 2887 solutione
728 2836 873 2907 aquosa
904 2815 1038 2907 spiritu
1063 2813 1141 2886 vini
1175 2816 1231 2888 sal
1250 2816 1393 2908 integer

192 2940 468 3035 praecipitatur,
497 2941 623 3040 floccis
653 2943 746 3016 albis
781 2942 940 3016 emissis
975 2941 1038 3014 Sal
1071 2962 1142 3034 ope
1162 2942 1214 3014 fili
1238 2944 1391 3036 platinei

192 3069 307 3141 limbo
327 3068 500 3142 flammae
519 3091 653 3161 pamm
681 3070 841 3143 lucentis
875 3069 1080 3157 admotum,
1110 3069 1198 3142 hnic
1228 3071 1392 3143 colorem

192 3197 340 3270 intense
359 3196 500 3270 ssavum
518 3196 656 3268 tribuit.

302 3322 446 3396 Solutio
473 3344 629 3415 aquosa,
655 3325 713 3397 vel
742 3346 810 3416 per
844 3324 988 3418 aliquot
1006 3331 1158 3417 ternpus
1193 3325 1241 3396 ad
1263 3325 1390 3396 ebulli-

193 3451 334 3523 tionem
362 3456 500 3540 evecta‚
529 3471 606 3522 non
640 3452 822 3540 turbatur,
862 3453 928 3524 sed
967 3453 1093 3542 acidis,
1133 3451 1244 3524 etiarn
1282 3451 1389 3524 acido

190 3578 334 3667 nitrico,
351 3577 506 3670 adjectis
525 3578 801 3672 praecipitatur.
824 3579 1082 3652 Sedimentum
1097 3580 1292 3671 coquendo
1312 3600 1388 3651 non

193 3705 435 3794 consumitur,
473 3705 547 3778 nisi
585 3706 703 3779 multo
741 3707 848 3778 acido
888 3705 1044 3797 adjecto,
1092 3705 1228 3778 solutio
1259 3706 1390 3778 effecta

193 3835 356 3907 colorem
376 3855 421 3906 ex
439 3833 552 3906 rutilo
571 3834 711 3905 flavum
729 3834 870 3926 recipit.

300 3959 428 4033 Natrio
449 3960 647 4032 carbonico
667 3961 803 4035 solutio
838 3983 985 4055 aquosa
1016 3982 1093 4034 non
1112 3960 1388 4053 praecipitatur,

191 4089 333 4176 eadem,
354 4109 430 4160 non
450 4086 562 4159 nimis
584 4092 833 4178 concentmta
856 4089 984 4161 addita
1004 4086 1195 4160 ammonia
1225 4089 1388 4161 colorem

190 4215 321 4308 recipit
354 4236 398 4287 ex
430 4215 545 4288 rubro
578 4215 746 4302 luscum;
780 4216 878 4288 kalio
903 4215 1189 4307 hydrooxydato
1223 4215 1387 4290 admixto

192 4343 328 4416 solutio
348 4341 633 4435 praecipitatum
653 4343 807 4436 deponit
827 4343 962 4416 coloris
984 4364 1029 4414 ex
1049 4343 1162 4414 rubro
1182 4343 1287 4416 susci.

299 4471 354 4542 Ex
373 4468 560 4544 solutione
581 4490 728 4562 aquosa
746 4475 901 4563 argento
935 4470 1068 4543 nitrico
1101 4471 1388 4563 praecipitatum

191 4598 338 4671 ducitur
366 4594 505 4686 album,
534 4597 636 4690 quod
663 4598 701 4670 in
730 4596 836 4670 acido
866 4598 999 4671 nitrico
1028 4599 1204 4687 solutum,
1238 4599 1387 4672 nonnisi

190 4726 364 4817 exiguam
381 4725 642 4814 turbationem,
652 4728 805 4816 argento
818 4725 984 4798 chlorato
997 4726 1178 4814 effectam,
1190 4725 1386 4818 relinquat.
