3576 5454
877 481 1121 587 -me-

507 733 660 823 Legenu
681 733 812 804 clausa
834 736 933 804 stent
960 731 1111 822 saepius
1141 733 1446 823 conquassandO,
1477 733 1597 804 donec

397 833 500 931 ΙοοΙοΓ
521 860 718 933 sedimenti
738 860 776 931 in
797 859 923 932 album
943 863 1112 932 mutatus
1132 859 1242 932 fuerit
1273 864 1311 930 et
1340 859 1475 950 exigua
1504 880 1595 931 non·

395 987 467 1060 nisi
490 987 681 1080 quantitas
697 1008 773 1059 non
795 987 1144 1060 solutaremaneat.

506 1114 647 1207 Liqunr
665 1114 827 1187 filtratus
848 1115 995 1187 invase
1016 1115 1111 1186 bene
1132 1115 1261 1188 clauso
1283 1120 1464 1188 servetur.

507 1243 562 1314 Sit
582 1242 771 1335 limpidus,
794 1242 956 1330 decolor,
975 1242 1176 1315 reactionis
1197 1243 1389 1332 ulcalinae,
1418 1242 1595 1335 ponderis

398 1370 562 1462 specifici
590 1369 838 1444 1·23-1·nl.
869 1368 1145 1462 supperaddita
1175 1371 1365 1443 ammonia
1393 1369 1514 1462 liquor
1541 1369 1593 1441 fil-

399 1501 518 1570 tratus
540 1497 692 1571 decolor
711 1503 872 1570 maneat.

505 1624 614 1720 Aqua
626 1624 818 1720 plu-mbica.
851 1625 957 1721 Aqua
986 1623 1171 1698 Goulardi.

577 1979 578 1984 Ν
664 1874 945 1982 Plumbum
972 1876 1336 1982 enrbunieum.

908 2066 1096 2147 Cerussa.

507 2243 634 2316 Pulvis
660 2243 912 2337 ponderosum
941 2244 1171 2332 albissimus,
1200 2243 1238 2314 iu
1258 2265 1358 2335 aqua
1378 2243 1597 2333 insolubilis,

402 2372 440 2442 in
461 2370 568 2443 acido
588 2370 729 2444 acetieo
755 2371 834 2444 sive
859 2372 991 2446 nitrieo
1020 2373 1091 2445 sub
1122 2370 1404 2444 effervescentia
1433 2371 1596 2444 solvitur.

399 2499 545 2570 Solutie
562 2499 718 2572 obtenta
726 2498 846 2572 nabin
862 2499 1148 2591 hydrooxydato
1162 2497 1446 2592 praecipitatum
1462 2497 1597 2579 album,

401 2626 441 2698 in
474 2625 555 2717 ejus
591 2647 749 2699 excessu
784 2626 954 2716 solubile,
995 2627 1115 2714 efficit,
1152 2625 1297 2717 adjecta
1331 2646 1431 2717 aqua
1464 2625 1596 2716 hydro-

403 2753 587 2825 sulfurata
624 2753 780 2844 nigrum,
821 2754 928 2827 acide
967 2755 1145 2828 sulfurico
1184 2753 1311 2825 album
1349 2752 1597 2826 sedimentum

403 2880 569 2954 demittit.

511 3009 564 3081 Sit
584 3009 690 3082 acido
709 3009 841 3082 nitrien
862 3030 963 3102 aqua
988 3009 1115 3098 dilut0,
1146 3014 1212 3081 aut
1238 3009 1349 3101 plane
1382 3014 1446 3081 aut
1470 3008 1599 3100 exiguo

404 3137 556 3210 nonnisi
575 3137 725 3210 residuo
744 3138 871 3210 relicto
892 3135 1069 3208 solubilis.
1101 3136 1245 3208 Solutio
1274 3159 1363 3227 gese
1384 3135 1596 3227 hydro-sul-

401 3267 521 3337 furato
543 3265 758 3337 abundante
778 3265 1022 3358 praeeipitata
1042 3268 1077 3336 et
1096 3263 1244 3353 filtrata,
1261 3264 1383 3335 nutrio
1401 3262 1598 3336 carbonico

401 3396 689 3485 supersaturata
707 3413 755 3466 ue
775 3394 959 3466 turbetur.

507 3520 668 3612 Ignitum
684 3520 880 3593 minimum
895 3518 1084 3609 octoginta
1098 3518 1261 3612 quinque
1278 3520 1324 3592 de
1345 3525 1493 3592 eentum
1515 3539 1597 3610 par·

402 3649 498 3720 tibus
519 3648 663 3741 plumbi
683 3647 835 3740 oxyduti
854 3647 1051 3739 relinquat.

508 3773 752 3870 Emplastrum
777 3774 953 3848 Cerastae.
991 3773 1207 3872 [inquantum
1233 3775 1411 3846 cerussae.

485 4037 764 4169 Plumbum
789 4058 1255 4204 bypemxydatum
1281 4061 1523 4174 rubrum.

907 4253 1086 4331 Minium.

509 4429 639 4502 Pulvis
654 4431 777 4518 ruber,
792 4430 830 4502 in
846 4451 945 4522 aqua
959 4429 1178 4518 insolubiliS,
1193 4428 1299 4502 acido
1315 4427 1597 4520 ltydrocblorico

402 4556 568 4629 admixto
603 4558 774 4629 chlorum
810 4557 993 4645 emittenS,
1016 4557 1227 4664 sedimento
1262 4557 1347 4628 albe
1385 4553 1597 4646 crystallino

401 4685 543 4756 ellectu
