3576 5454
883 553 1126 628 —282—

411 795 495 848 cum
516 773 666 867 spiritus
686 774 760 847 vini
780 772 884 846 diluti
904 771 1110 844 sufficiente
1131 773 1341 863 quantitate
1360 773 1398 845 in
1416 773 1605 865 pulverem

410 902 604 975 humidum
614 901 813 992 redigatur,
824 901 887 992 qui
899 921 1139 992 compressus
1155 921 1322 972 massam
1337 904 1396 972 sat
1406 899 1604 973 cohaeren-

411 1036 484 1103 tem
503 1030 690 1124 praebeat,
720 1049 739 1100 e
760 1051 835 1120 qua
862 1028 1041 1100 fonnetur
1060 1049 1237 1102 numerus
1256 1026 1508 1121 praescriptus
1532 1030 1603 1100 tro·

412 1155 634 1229 chiscornm.

648 1402 926 1514 'l'roolrisoi
951 1404 1379 1548 lpecacnanhne.

411 1613 511 1705 Rpe:
550 1608 694 1688 laticis
714 1607 982 1710 lmese-antus
1004 1607 1218 1707 quitertiae

1174 1761 1339 1833 gramma
1359 1761 1469 1808 unum
1582 1740 1595 1808 1

546 1860 714 1942 Saeohtri
735 1861 917 1966 pullenti
972 1870 1175 1962 qrouzmoto
1195 1864 1455 1962 quinquaqinta
1553 1866 1602 1937 50

546 1990 705 2093 Spiritus
724 1990 803 2067 vtnt
823 1988 934 2067 diluti
990 2015 1022 2086 q.
1047 2017 1075 2063 s.

410 2127 448 2194 ut
470 2121 535 2194 fiat
553 2143 691 2210 massa,
713 2142 732 2194 e
753 2142 828 2212 qua
846 2121 1052 2192 formentur

546 2247 736 2321 Trochisci
793 2253 937 2318 centum.

700 2494 979 2604 'l'roohisci
1007 2493 1312 2606 Santonici.

411 2723 507 2814 ltpe:
547 2718 735 2798 Salonini
756 2716 936 2817 pulverati
1126 2724 1328 2816 grammato
1346 2718 1416 2791 duo
1437 2725 1469 2791 et

1295 2846 1484 2918 dimidium
1541 2848 1597 2921 ns

546 2970 715 3051 snum
734 2971 914 3074 pullenti
969 2979 1173 3068 qrammoto
1192 2980 1325 3045 centum
1530 2975 1598 3046 100

544 3097 701 3201 Spiritus
721 3099 798 3177 vni
819 3097 928 3177 diluti
984 3125 1016 3195 q.
1039 3123 1067 3172 s.

407 3235 448 3303 ut
467 3231 532 3301 fiat
551 3251 689 3316 massa,
709 3251 729 3300 e
750 3250 826 3320 qno
846 3229 1049 3301 formentur
1068 3226 1260 3300 Trochisei
1280 3233 1420 3298 centrum.

852 3495 1159 3639 Unguento.

515 3702 714 3794 Unguenta
746 3701 783 3774 in
816 3723 951 3794 genere
984 3702 1036 3774 ita
1067 3707 1255 3793 parentur,
1292 3706 1335 3773 ut
1372 3699 1594 3774 substantiae

407 3828 588 3902 difficilius
617 3829 866 3921 liquescentes
893 3828 1092 3920 separatim
1112 3833 1175 3900 aut
1195 3849 1281 3900 cum
1312 3849 1428 3920 parva
1460 3828 1594 3901 facilius

406 3955 644 4049 liquescentis
679 3954 911 4028 substantiae
933 3955 1135 4046 quantitate
1170 3953 1401 4046 commixtae,
1432 3955 1596 4028 calefiant

407 4090 444 4157 et
461 4091 542 4158 tum
573 4082 721 4155 demum
754 4103 904 4153 massae
932 4080 1151 4173 liquefactae
1181 4080 1323 4154 facilius
1352 4081 1594 4174 liquescentes
1629 4147 1634 4156 .

405 4212 636 4286 substantiae
652 4211 939 4300 admisceantur,
965 4211 1143 4301 canende,
1173 4233 1220 4284 ne
1242 4212 1353 4300 calor,
1383 4211 1594 4304 plusquam

405 4361 562 4412 necesse
582 4344 651 4425 est,
674 4344 809 4430 augeat
855 4395 861 4410 .

515 4467 627 4540 Mixta
663 4465 787 4538 adhuc
835 4465 953 4537 calida
997 4465 1085 4538 dein
1121 4485 1189 4557 per
1236 4487 1404 4557 paullum
1451 4465 1595 4539 linteum

407 4599 575 4670 colentur
603 4601 639 4668 et
666 4615 786 4686 usque
814 4595 861 4666 ad
881 4595 1082 4687 perfectam
1110 4595 1422 4685 refrigerationem
1452 4595 1595 4666 assidue¹

406 4725 599 4816 agitentur.
