3502 5454
649 553 878 628 ..xv-

278 770 343 858 Ad
357 770 632 858 efficiendum
642 771 892 859 Extractum
905 769 1052 858 Filicis
1069 771 1198 858 maris
1217 772 1364 858 aether

165 964 318 1044 merus,
343 964 419 1052 pro
442 935 647 1022 Extracto
672 932 875 1023 Oubebae
899 936 1047 1022 aether
1074 936 1233 1022 mixtus
1264 964 1361 1022 cum

165 1099 313 1216 spiritu
335 1098 423 1184 vini
446 1099 670 1215 hucusque
694 1096 876 1185 abhibiti
896 1101 938 1184 in
965 1128 1089 1186 usum
1120 1102 1246 1209 venit,
1278 1129 1364 1214 quo

165 1263 437 1352 conformitas
478 1263 632 1348 horum
675 1270 1020 1378 praeparatorum
1062 1291 1161 1349 cum
1204 1291 1364 1379 aequa-

166 1427 277 1515 libus
316 1427 760 1544 pharmacopoeamm
794 1435 1090 1514 extranearum
1123 1428 1361 1514 restituitur.

275 1591 496 1696 Quantitas
520 1588 633 1677 acidi
650 1589 962 1703 hydrocyanici
985 1593 1029 1678 in
1045 1593 1176 1708 Aqua
1192 1592 1364 1705 Amyg-

166 1752 358 1842 dalarum
377 1782 620 1842 amaramm
639 1763 915 1842 concontrata
933 1763 975 1842 et
995 1757 1039 1840 in
1056 1757 1184 1871 Aqua
1199 1754 1364 1841 harno-

165 1919 313 2028 cerasi,
338 1919 561 2034 hucusqu‘e
584 1920 625 2004 in
651 1917 820 2005 milonis
844 1917 1034 2033 partibus
1059 1915 1113 2004 ad
1134 1918 1202 2004 0·6
1223 1928 1364 2034 partes

165 2084 368 2194 restricta,
394 2081 448 2169 ad
473 2089 639 2199 partem
662 2110 791 2168 unam
815 2089 953 2191 aucta,
979 2111 1128 2168 verum
1152 2084 1363 2199 quantitas

166 2246 278 2335 acidi
300 2247 539 2334 arsenicosi
554 2246 598 2331 in
621 2245 843 2334 Solutione
867 2247 1090 2333 amonicali
1108 2246 1297 2333 Fowleri
1319 2249 1362 2332 in

167 2423 339 2499 centum
363 2407 552 2527 partibus
578 2409 634 2498 ad
656 2419 820 2526 partem
843 2439 974 2497 unam
996 2409 1171 2498 reducta
1193 2420 1267 2497 est.

281 2574 341 2660 Ut
383 2576 613 2689 Magnesio
657 2573 993 2689 hydrooxydato
1046 2575 1182 2688 major
1225 2577 1291 2661 vis
1338 2602 1361 2661 e

163 2739 359 2826 efficacia
381 2767 466 2854 qua
488 2738 726 2825 antidotum
758 2740 935 2826 arsenici
968 2737 1054 2825 albi
1078 2747 1361 2848 conservetur,

163 2904 261 2990 loco
312 2905 563 3020 praeparati,
608 2904 832 3019 hucusque
884 2901 963 2988 sub
1019 2901 1363 2989 denominatione

169 3069 473 3184 „Magnesium
487 3065 896 3181 hydroorrydatum“
909 3069 952 3152 in
968 3068 1362 3183 pharmacopoeam

163 3234 334 3348 recepti,
359 3232 600 3318 consultum
620 3232 763 3318 visum
786 3241 862 3342 est,
885 3231 1265 3346 praescriptionem
1289 3261 1364 3346 pro

163 3395 353 3512 parando
393 3394 583 3483 antidoto
608 3424 662 3482 ex
683 3405 877 3512 tempore
915 3395 1063 3482 litteris
1105 3397 1360 3510 consignare

166 3566 208 3646 et
229 3557 308 3644 sub
332 3558 695 3646 denominatione:
738 3559 1016 3670 „Antidotum
1040 3561 1223 3646 arsenici
1245 3535 1364 3646 albr‘

164 3723 208 3808 in
240 3723 394 3809 seriem
423 3723 758 3811 medicaminum
796 3723 1115 3841 alphabeticam
1140 3724 1365 3812 collocare.

274 3888 343 3973 Ne
384 3886 808 3976 denominationibus
845 3919 960 3976 error
997 3887 1235 3998 inducatur,
1281 3887 1366 3975 duo

165 4059 417 4167 praeparata
437 4051 662 4167 hucusque
685 4055 729 4138 in
760 4055 1157 4169 pharmacopoeam
1180 4062 1364 4170 recepta,

168 4243 349 4330 quorum
405 4244 537 4301 unum
593 4216 835 4303 Decoctum
881 4217 1126 4326 Zittmanni,
1185 4215 1365 4304 alterum

165 4377 315 4464 Pulvis
332 4378 512 4466 Doweri
528 4377 786 4488 inscribitur,
816 4407 903 4466 non
925 4380 1111 4496 amplius
1136 4379 1204 4466 his
1226 4381 1367 4466 nomi-

165 4540 291 4630 nibus
315 4541 598 4658 designantur.
641 4543 805 4630 Eorum
844 4542 992 4630 locum
1029 4552 1174 4631 tenent
1195 4543 1366 4630 Decoc-

166 4718 257 4793 tum
293 4707 596 4822 Sarsaparillae
635 4709 927 4823 compositum
966 4716 1008 4795 et
1044 4708 1193 4795 Pulvis
1216 4709 1366 4824 lpeca-
