3574 5454
835 542 1116 628 flel—

502 759 673 851 Carpidia
700 781 793 832 sena
813 781 935 852 usque
966 769 1103 832 octona
1132 759 1389 846 horizontalia,
1411 761 1510 832 cirea
1530 780 1591 831 co·

391 887 582 958 lumellam
611 888 814 960 centralem
841 887 1087 960 verticillatim
1108 888 1291 978 contigua,
1325 907 1403 960 non
1422 908 1507 959 raro
1529 886 1593 958 ad·

392 1014 466 1087 huc
498 1015 710 1106 pedunculo
744 1036 897 1088 sursum
930 1020 1082 1088 arcuato
1117 1020 1154 1087 et
1181 1016 1393 1088 incrassato
1422 1013 1590 1092 suffulta.

392 1143 612 1234 plerumque
639 1143 861 1235 inaequalia,
891 1164 914 1214 a
937 1141 1051 1215 latere
1073 1164 1301 1235 compressa,
1323 1141 1592 1234 cymbilormia,

394 1269 497 1360 apice
519 1268 632 1358 brevi,
648 1270 797 1358 obtuse,
813 1275 913 1343 recto
930 1270 988 1342 vel
1004 1270 1272 1362 subimpresso,
1290 1270 1399 1361 juxta
1419 1273 1594 1341 suturam

393 1397 600 1468 neutralem
619 1395 790 1486 bivalvia‚
820 1398 971 1486 siccata,
1000 1397 1208 1490 pericarpio
1228 1397 1458 1489 sublignoss
1483 1400 1593 1469 extus

393 1544 545 1614 rugoso,
558 1523 922 1615 griseo-ferrugineo,
938 1527 1040 1599 intus
1055 1525 1250 1617 laevigata,
1266 1525 1407 1598 semine
1424 1523 1592 1597 solitario

394 1671 622 1743 compresso,
652 1652 760 1740 evall,
790 1657 888 1724 testa
916 1653 1042 1740 nitida,
1074 1657 1253 1725 castanea
1279 1657 1344 1724 aut
1363 1652 1592 1738 ssavo-lusca,

393 1779 512 1870 fragili
533 1779 669 1852 vestito
688 1779 801 1868 foeta,
824 1781 940 1854 odore
960 1785 996 1853 et
1016 1801 1150 1872 sapore
1171 1775 1291 1852 Arrisi.

502 1906 601 1979 Cave
613 1928 659 1980 ne
671 1905 702 1980 si
713 1907 946 1999 linquinatus
958 1907 1137 1980 fructibus
1150 1906 1346 1980 venenatis
1358 1907 1479 1979 forma
1490 1908 1590 1980 simi·

393 2035 493 2108 libus
515 2035 581 2107 sed
603 2034 808 2107 minoribus
824 2033 930 2106 lllicir'
954 2035 1109 2131 relipiesi
1130 2034 1325 2122 Siebold,
1351 2035 1422 2106 sub
1442 2035 1593 2107 nomine

395 2164 500 2235 Arist
516 2161 644 2234 stellati
655 2161 823 2258 Japorrlci
833 2161 944 2250 notis
964 2167 1157 2252 praeterea
1169 2161 1436 2253 dignoscendis
1452 2163 1591 2234 annulo

395 2290 580 2363 suberoso
601 2289 637 2360 in
659 2289 803 2362 ambitu
833 2288 1012 2361 cicatricis
1029 2289 1232 2380 pedunculi
1255 2290 1355 2379 recti,
1375 2289 1517 2378 teretis
1540 2295 1591 2361 le·

393 2416 549 2504 nuioris,
581 2413 757 2508 carpidiis
787 2415 1120 2508 pergamentaceis,
1150 2416 1271 2508 magis
1301 2416 1533 2504 ventricosis
1554 2416 1593 2488 in

395 2544 539 2636 apicem
551 2548 712 2632 acutum,
728 2547 891 2630 tenuem,
908 2563 1021 2634 saepe
1037 2542 1306 2616 subhamatum
1324 2543 1591 2631 desinentibus

395 2671 538 2743 semine
568 2670 691 2743 minus
730 2690 960 2762 compresse,
990 2669 1029 2741 in
1059 2670 1291 2742 extremitate
1321 2670 1396 2743 hilo
1418 2671 1591 2763 opposito

395 2821 508 2890 saepe
537 2797 781 2884 tuberculat0,
820 2795 933 2869 odore
964 2802 1000 2870 et
1038 2817 1172 2889 sapore
1204 2798 1357 2870 omnino
1388 2798 1590 2886 differente,

397 2925 498 2997 baud
519 2924 706 3015 anisace0,
728 2925 796 2996 sed
815 2923 878 2996 illo
906 2925 1083 3016 peculiari
1098 2924 1313 3014 aromatim,
1338 2926 1410 2998 hoc
1434 2927 1592 3018 primum

395 3050 592 3138 acriacid0,
611 3055 690 3124 tum
711 3051 924 3140 aromatico,
946 3051 1109 3144 denique
1130 3073 1272 3125 amaro.

505 3176 637 3272 Species
653 3177 851 3272 pectorales,
873 3175 1038 3274 Syrupus
1058 3177 1192 3251 Serenae
1210 3203 1288 3251 eum
1308 3178 1457 3252 Manna.

648 3571 877 3679 llructus
904 3573 1049 3679 lnisi
1077 3571 1342 3714 vulgaris.

505 3812 718 3908 Plrrtpiuella
737 3812 892 3884 Amisum
912 3813 1044 3900 Lirin,
1073 3813 1202 3905 planta
1222 3834 1363 3903 annua,
1382 3812 1422 3886 in
1441 3814 1594 3906 regione

398 3941 669 4014 mediterranea
694 3939 863 4013 orientali
883 3946 1103 4031 spontanea,
1129 3940 1167 4011 in
1191 3939 1342 4033 Europa
1361 3942 1594 4014 meridionali

397 4070 507 4142 culta.
535 4067 780 4163 Uerrbelliferue.

507 4195 882 4287 Schizocarpiaplane
893 4199 1043 4266 matura
1054 4193 1594 4286 siccata,pyrilormia,alaterc

398 4326 699 4415 subcompressa,
741 4326 903 4413 quatuor
941 4321 989 4393 ad
1029 4320 1193 4412 quinque
1227 4321 1440 4395 millimetra
1470 4324 1594 4414 longa,

398 4452 527 4526 sctulis
548 4450 737 4542 adpressis
766 4450 922 4538 hirsuta,
953 4448 1088 4521 coloris
1119 4468 1139 4520 e
1173 4449 1296 4540 griseo
1325 4450 1594 4540 viridescentis,

399 4577 625 4670 mericarpiis
664 4578 885 4670 plerumque
921 4575 1217 4664 cohaerentibus
1262 4576 1595 4668 quinquecoslatis

399 4706 513 4780 costis
553 4705 783 4796 aequalibus,
833 4704 1043 4791 subtilibus
1088 4701 1359 4793 pallidioribus
1404 4704 1596 4776 valleculis
