3502 5454
642 567 858 638 ..71-

147 777 324 852 haerente
343 779 548 876 instructisv
563 783 601 855 in
621 783 738 857 latere
759 784 940 859 exteriore
966 787 1091 876 fuscis,
1118 789 1271 881 asperis,
1301 812 1347 861 ex

147 907 249 978 omni
271 913 378 999 parte
407 908 573 1001 vestigiis
592 910 783 984 lichenum
804 914 1027 1003 carentibus
1062 916 1218 1008 singulis
1253 916 1344 989 vali-

148 1032 314 1108 dioribus
354 1036 662 1129 depressionibus
700 1041 1024 1132 subconehoideis,
1080 1064 1147 1135 per
1195 1045 1345 1118 extolia-

147 1161 288 1234 tionem
308 1163 455 1237 suberis
474 1165 577 1238 ortis,

257 1289 412 1384 Saporis
433 1297 491 1365 est
510 1299 638 1367 cortex
658 1296 937 1389 adstringentis,
958 1298 1163 1371 subamari.

258 1417 475 1491 detractum.

468 1722 664 1833 cortex
691 1725 1029 1863 tlucbrocbo.

255 1927 529 2022 Aspidospermc
581 1929 781 2022 Quebracbo
824 1933 1194 2022 Schlechtendal,
1235 1935 1348 2007 arbor

146 2053 322 2146 frequens
342 2055 382 2128 in
402 2057 603 2149 provinciis
624 2059 917 2134 occidentalibus
935 2061 1176 2152 Argentinae.
1209 2063 1238 2132 A
1241 2085 1346 2158 pocy-

146 2204 281 2254 nareae.

255 2309 390 2384 Cortex
414 2313 536 2386 trunci
570 2314 732 2387 siccatus
767 2313 805 2387 in
838 2315 968 2388 frustis
998 2317 1159 2408 magnis,
1193 2315 1243 2389 ad
1271 2316 1343 2389 tria

146 2437 364 2512 centimetra
383 2441 535 2532 crassis,
556 2442 763 2535 subplaniS‚
785 2443 901 2532 duris,
920 2443 1154 2536 ponderosis
1184 2443 1344 2516 obtectis

145 2565 383 2640 rhitidomate
404 2568 646 2659 validissime,
670 2569 775 2642 rimis
797 2568 989 2644 hiantibus
1009 2571 1205 2664 profundis
1226 2593 1344 2664 saepe

145 2694 362 2768 tessellatim
401 2696 576 2787 lacerat0,
617 2698 753 2770 coloris
798 2698 1021 2788 ssavo-fusci,
1062 2705 1169 2772 extus
1201 2699 1346 2792 passim

147 2821 355 2912 albicantia,
367 2823 404 2897 in
418 2796 532 2897 latere
546 2825 695 2897 interna
707 2823 1025 2916 longitudinaliter
1040 2825 1171 2898 striato
1186 2825 1347 2919 plerum·

147 2971 219 3041 que
245 2951 344 3023 clare
364 2973 384 3023 e
402 2951 627 3024 rubicundo·
642 2957 708 3025 aut
726 2951 990 3041 barido-fusci,
1015 2954 1181 3026 fractura
1200 2974 1344 3045 grosse·

146 3077 354 3167 granulata‚
376 3079 521 3171 saporis
542 3079 671 3152 amari.

255 3204 296 3278 In
324 3207 488 3280 sectione
517 3212 734 3280 transversa
763 3211 946 3300 apparent
974 3207 1049 3279 duo
1078 3211 1205 3296 strata,
1240 3207 1344 3281 rhiti-

145 3331 307 3405 domatis
337 3340 373 3405 et
399 3332 636 3426 endophloei‚
665 3335 757 3408 illud
781 3333 917 3407 coloris
938 3333 1104 3407 clarioris
1125 3334 1346 3423 flavo-fusci,

144 3459 218 3532 hoc
251 3459 481 3533 obscurioris
518 3461 754 3548 rubro-fusci,
792 3466 951 3554 utraque
986 3461 1235 3534 crassitudine
1268 3462 1345 3535 fere

145 3586 306 3680 aequali,
353 3588 512 3661 maculis
552 3588 685 3662 albidis
724 3589 899 3662 confertis
946 3588 1083 3681 partim
1129 3593 1345 3661 transverse

145 3713 184 3786 in
199 3714 368 3788 ordinem
384 3716 576 3809 dispositis
592 3717 783 3790 instructa.
801 3716 922 3789 Sectio
937 3715 1218 3807 longitudinalis
1237 3715 1344 3788 lineis

144 3842 287 3933 grossis
306 3843 378 3916 illis
399 3845 557 3918 maculis
579 3844 960 3938 correspondentibus
986 3865 1052 3936 per
1075 3842 1345 3935 longitudinem

146 3969 278 4043 striata
297 3975 365 4044 est.

254 4097 331 4171 Sub
351 4099 600 4192 microscopio
620 4098 806 4191 imprimis
828 4099 974 4172 excellit
994 4103 1119 4172 cortex
1139 4098 1282 4190 grumis
1308 4103 1345 4171 et

143 4224 303 4298 restibus
351 4225 671 4298 numerosissimis
723 4247 743 4299 e
787 4225 929 4299 cellulis
975 4225 1343 4317 solerenchymaticis

143 4352 402 4447 polymorphis
431 4359 467 4426 et
491 4353 594 4426 frbn's
618 4353 887 4440 fusiformibus‚
916 4352 1138 4444 plerumque
1161 4353 1342 4434 solitariis

143 4481 303 4572 perfecte
322 4481 557 4570 incrassatis,
593 4481 750 4574 singulis
786 4479 997 4554 arctissime
1032 4479 1162 4553 cinctis
1200 4479 1342 4552 cellulis

143 4607 299 4681 minutis
320 4610 515 4700 crystallos
537 4609 644 4682 calcii
663 4608 798 4682 oxalici
819 4606 1044 4700 gerentibus

253 4735 458 4809 Detractum
466 4735 640 4831 fluidum.
