3502 5454
904 555 1118 630 ...44-

410 777 551 854 sensim
570 779 786 868 ingerantur
799 777 837 850 in
857 777 1088 851 cucurbitam
1109 798 1206 870 quae
1227 776 1406 851 eontinet:

520 939 621 1019 latii
643 939 764 1018 uitrici
784 940 1007 1019 oouoontruti
1066 947 1264 1038 prummulo
1284 939 1426 1013 1111333111
1445 947 1475 1012 31

1119 1068 1309 1164 senopintu.
1536 1065 1627 1137 ⁶260

520 1235 805 1326 Languescente
824 1231 1012 1306 solutione
1030 1230 1218 1303 1131331111
1234 1230 1487 1303 calefaciendo
1505 1249 1627 1318 auge,

410 1362 645 1454 usquedum
668 1360 834 1434 ebulliat.

519 1525 659 1618 Liquor
677 1528 809 1617 partus
829 1522 988 1596 tiltretur
1008 1526 1044 1595 31
1063 1522 1268 1595 misceatur
1287 1544 1372 1595 cum

518 1686 640 1785 13133
660 1683 868 1762 destillatae
888 1682 1224 1787 1313113111311111Ο

968 1820 1204 1909 prominulam
1226 1837 1285 1885 sea
1303 1811 1471 1885 millibus.
1505 1811 1626 1885 6000

516 1977 805 2070 Praecipitatum
825 1976 913 2049 iude
933 1982 1066 2068 ortum,
1087 1977 1184 2050 filtro
1205 1977 1403 2050 collectum
1422 1980 1537 2068 atque

517 2141 636 2241 lquae
656 2138 866 2218 destillatac
886 2141 1135 2241 temperatura
1155 2139 1218 2216 150

1082 2271 1252 2365 prommis
1274 2269 1471 2364 quiapuztis
1531 2267 1623 2340 500

408 2435 538 2523 131331,
558 2432 653 2505 13131
673 2431 842 2504 chartam
862 2431 1029 2504 bibulam
1055 2431 1286 2524 exprimatur
1314 2437 1351 2504 et
1370 2431 1453 2502 loco
1475 2429 1621 2522 frigido

407 2563 587 2636 umbroso
608 2559 776 2632 siccetur.

515 2687 642 2761 Pulvis
654 2687 902 2778 crystallinus,
918 2688 1038 2776 311133,
1052 2686 1254 2762 reactionis
1267 2685 1407 2775 acidae,
1422 2685 1460 2757 in
1474 2686 1619 2758 tubulo

405 2820 523 2893 vitreo
557 2815 769 2906 calefactus
804 2836 965 2909 vapores
998 2815 1121 2908 primo
1156 2837 1300 2909 aqueos
1332 2818 1420 2908 post
1456 2813 1622 2886 nitricos

407 2947 539 3021 emittit
571 2953 607 3020 et
635 2948 829 3022 residuum
855 2948 996 3021 flavum
1024 2946 1210 3020 Bismuthi
1241 2945 1393 3038 oxydati
1421 2943 1620 3035 relinquit,

405 3074 503 3146 kalio
533 3074 821 3167 hydrooxydato
851 3073 974 3147 soluto
1005 3073 1131 3146 addito
1152 3073 1355 3146 calefactus
1378 3071 1621 3144 ammoniam

405 3223 450 3274 ne
472 3201 631 3275 exhalet

515 3329 556 3401 ln
572 3330 678 3402 acido
694 3329 825 3403 uitrico
841 3329 957 3402 diluto
974 3328 1115 3419 absque
1132 3327 1412 3400 effervescentia
1427 3327 1618 3398 solvatur.

403 3454 505 3528 Haec
521 3456 669 3546 solutio,
685 3478 801 3550 parva
821 3478 943 3549 aquae
965 3455 1172 3528 destillatae
1192 3455 1364 3547 portione
1386 3453 1515 3543 diluta,
1536 3475 1618 3525 nec

404 3588 557 3674 argento
586 3584 734 3672 uitrico,
768 3606 838 3658 1133
866 3585 984 3676 baryo
1014 3582 1157 3672 3111133,
1191 3604 1261 3656 333
1289 3582 1397 3656 acido
1427 3580 1617 3654 sulsurico

390 3710 520 3783 vdiluto
539 3715 717 3784 mutetur.

510 3837 752 3912 Bismuthum
799 3837 1048 3912 subnitricum
1102 3837 1208 3910 acido
1257 3835 1433 3910 sullurico
1485 3834 1616 3908 diluto

401 3963 551 4056 limpide
582 3967 764 4054 solvatur,
795 3965 987 4038 ammonia
1016 3963 1216 4037 abundans
1246 3965 1283 4037 in
1312 3964 1384 4037 1133
1414 3963 1617 4036 solutione

401 4091 652 4165 sedimentum
685 4093 813 4165 album
847 4092 989 4184 313331,
1028 4091 1150 4185 liquor
1189 4093 1235 4164 ab
1274 4113 1320 4164 eo
1354 4091 1517 4164 tiltratus
1561 4091 1618 4163 sit

402 4217 552 4292 decolor
572 4225 609 4292 et
629 4241 729 4313 aqua
747 4219 1054 4312 hydrosullurata
1073 4239 1120 4292 ne
1140 4219 1323 4292 turbetur.

511 4345 687 4419 Gramma
711 4345 936 4439 praeparati,
962 4367 1047 4418 cum
1076 4345 1182 4419 acido
1208 4327 1387 4418 sulfmico
1413 4366 1537 4438 usque
1560 4347 1616 4419 ad

401 4474 681 4548 extricationem
697 4495 881 4567 vaporum
898 4474 992 4547 acidi
1007 4473 1173 4547 sulfurici
1190 4475 1420 4562 calefactum,
1431 4495 1617 4548 massam

399 4602 587 4694 praebeat,
614 4623 710 4694 quae
730 4602 769 4675 in
789 4607 974 4695 apparatu
994 4600 1148 4675 Marslrii
1169 4601 1615 4694 1331313331331131331

399 4730 540 4821 speculi
561 4729 720 4803 arsenici
741 4729 925 4803 exhibeat.
