3502 5454
914 553 1098 628 ..6.-

399 771 653 860 temperatura
665 771 713 843 37
722 771 850 843 -40Ο
864 771 1046 864 liquescit,
1056 795 1190 847 versus
1206 775 1442 850 ura-1840
1463 777 1607 866 ebullit,

399 894 555 968 incensa
574 898 757 990 deflagrat
770 899 922 973 residuo
939 921 1018 972 non
1037 901 1176 974 relicto

509 1023 672 1097 Solvitur
685 1027 723 1098 in
739 1026 951 1119 quindecim
963 1028 1037 1099 iere
1053 1028 1224 1120 partibus
1241 1051 1362 1123 aquae
1379 1031 1605 1122 destillatae,

398 1150 437 1222 in
458 1152 560 1224 omni
579 1154 818 1246 proportione
844 1153 1019 1244 aetheris,
1041 1155 1197 1248 spiritus
1216 1157 1303 1248 vini,
1324 1159 1510 1250 glycerini,
1530 1180 1606 1232 nec

399 1298 478 1352 non
497 1277 536 1350 in
555 1279 807 1354 solutionibus
825 1281 937 1354 natrii
956 1282 1034 1354 sive
1055 1283 1140 1355 kalii
1159 1283 1444 1377 hydrooxydati.

509 1407 652 1481 Solutio
682 1428 839 1500 aquosa,
870 1409 966 1481 ferro
986 1411 1283 1503 sesquichlorato
1313 1413 1438 1486 soluto
1459 1415 1603 1504 addito,

399 1534 564 1608 colorem
589 1536 803 1609 caeruleum
829 1536 961 1610 induit.
990 1536 1171 1610 Bromum
1195 1539 1235 1611 in
1255 1560 1355 1634 aqua
1374 1543 1541 1616 solutum
1561 1543 1605 1614 in

398 1663 597 1754 solutione,
629 1669 800 1758 exparte
820 1687 898 1738 una
927 1666 1023 1738 acidi
1050 1667 1224 1739 carbolici
1254 1672 1291 1741 et
1324 1669 1605 1762 quinquaginta

398 1791 564 1865 millibus
580 1813 702 1886 aquae
719 1798 862 1884 parata,
879 1795 1056 1867 continuo
1074 1794 1452 1890 efficitsedimentum
1468 1797 1604 1870 album

399 1918 655 1992 flocculosum.

509 2065 657 2138 Aridum
679 2065 888 2138 corbolicum
908 2065 1142 2162 liquefactum.

550 2394 894 2504 ,lendum
933 2395 1452 2507 carbonacum

713 2555 1288 2696 liquefactum.

396 2777 500 2870 Rpe:
536 2775 635 2853 loidi
654 2773 828 2853 catholici
902 2787 1101 2876 prommoto
1120 2787 1249 2853 centum
1519 2783 1600 2856 100

533 2904 653 3006 lqne
673 2904 881 2982 destinatae
899 2914 1096 3002 prummatu
1115 2908 1234 2981 demin.
1548 2912 1602 2982 10

507 3033 767 3107 Calefaciendo
788 3034 915 3106 misce.

505 3161 645 3254 Liquor
678 3162 726 3234 sit
760 3160 946 3253 limpidus,
982 3162 1147 3251 oleosus,
1183 3162 1334 3235 acidum
1368 3164 1599 3237 carbolicum

397 3288 580 3378 rodolone,
598 3289 662 3382 qui
677 3288 724 3360 ad
741 3287 930 3379 reagentia
941 3305 981 3360 se
996 3288 1136 3361 habeat
1151 3293 1193 3362 ut
1205 3290 1355 3362 acidum
1368 3291 1602 3364 carbolicum

397 3416 699 3508 crystallisatum.
1368 3511 1369 3516 Ἰ

505 3542 635 3616 Partes
652 3548 803 3617 centum
816 3542 932 3634 hujus
946 3545 1159 3638 praeparati
1174 3545 1370 3618 minimum
1381 3544 1603 3619 centimetra

397 3671 528 3744 cubica
557 3671 684 3763 viginti
718 3672 789 3744 tria
818 3691 940 3764 aquae
970 3671 1178 3745 destillatae
1207 3676 1443 3761 consumant,
1478 3673 1601 3745 donee

397 3800 614 3892 quassando
634 3800 755 3895 liquor
773 3799 945 3872 turbidus
966 3805 1173 3892 permanet.

506 3946 610 4041 Aqua
629 3944 850 4018 carbolisutu.

547 4270 887 4382 neruum
926 4271 1464 4384 chrominnam.

507 4493 679 4585 Crystalli
704 4493 954 4586 prismaticae,
976 4492 1109 4566 coloris
1129 4492 1316 4584 purpurei,
1345 4492 1421 4565 aeri
1441 4493 1599 4565 humido

398 4621 590 4713 expositae
613 4619 796 4709 diffluunt,
818 4619 1018 4693 calefactae
1044 4619 1267 4713 liquescunt,
1290 4619 1442 4691 demum
1462 4641 1601 4712 oxyge·

397 4748 501 4819 nium
528 4747 741 4819 emittentes
762 4748 801 4820 in
822 4748 985 4840 oxydum
1008 4745 1238 4819 chromicum
1258 4745 1373 4819 viride
1393 4752 1601 4820 mutantur.
