3576 5454
885 524 1127 598 -190-

409 737 586 828 ponderis
601 757 702 829 spec.
720 739 1000 814 0·980-0·990.
1017 740 1095 813 Sub
1115 746 1372 833 temperatura
1391 740 1545 813 10-15Ο
1565 741 1600 812 C.

402 864 440 936 in
459 885 628 937 massam
647 866 900 956 crystallinam
920 889 967 941 ex
987 871 1091 959 parte
1118 867 1239 956 abeat,
1278 867 1318 938 in
1349 867 1500 958 spiritus
1530 868 1601 940 vini

403 991 571 1083 partibus
590 990 709 1064 tribus
728 994 890 1084 perfecte
911 992 1089 1068 solvatur.

489 1119 627 1194 *Gutta
672 1139 749 1192 una
795 1120 876 1209 olei,
922 1121 960 1192 in
1008 1121 1178 1194 chartam
1220 1120 1389 1194 bibulam
1436 1121 1599 1213 delapsa

404 1244 594 1319 maculam
621 1247 809 1338 pinguem,
834 1247 873 1320 in
898 1247 1029 1340 spiritu
1060 1247 1135 1319 vini
1158 1247 1396 1320 insolubilem
1425 1269 1472 1320 ne
1500 1247 1598 1320 dere-

404 1373 565 1466 linquat;
582 1373 653 1447 sub
670 1375 793 1446 calore
809 1375 952 1447 sensim
967 1378 1077 1447 aucto
1093 1374 1226 1462 avolet,
1240 1372 1392 1447 residuo
1409 1375 1467 1447 vel
1486 1375 1598 1464 nullo,

405 1500 464 1573 vel
491 1500 641 1574 nonnisi
666 1502 870 1593 perexiguo
901 1501 1046 1588 relicto;
1072 1501 1273 1574 frustulum
1309 1501 1412 1574 calcii
1447 1500 1599 1574 chlorati

403 1627 488 1717 fusi,
514 1628 808 1720 magnitudinuis
823 1629 895 1721 pisi
915 1649 1000 1702 curn
1020 1629 1102 1702 oleo
1119 1632 1344 1721 quassatum
1363 1649 1432 1701 nec
1449 1629 1599 1719 diltluat,

404 1776 474 1828 nec
495 1754 723 1828 emollescat.

512 1883 585 1956 ΝΒ.
613 1881 705 1956 Olea
736 1884 911 1957 aetherea
941 1883 980 1953 in
1012 1901 1146 1973 genere
1180 1882 1251 1956 sub
1285 1883 1599 1974 explorationibus

403 2009 515 2082 modo
536 2010 761 2084 enumeratis
782 2031 823 2082 se
842 2009 1046 2102 praebeant
1063 2012 1105 2081 ut
1125 2007 1257 2082 Oleum
1277 2008 1392 2086 Anisi.

512 2133 649 2231 [liquor
668 2137 876 2210 Ammoniac
894 2137 1064 2210 canutus.

642 2420 825 2530 dleum
859 2422 1104 2531 lucentii
1132 2421 1363 2530 corticis

515 2646 543 2717 E
571 2646 779 2738 pericarpio
814 2645 907 2718 Oitri
935 2645 1091 2743 culparis
1118 2651 1304 2738 paratum,
1330 2645 1378 2718 sit
1396 2645 1598 2739 limpidum,

286 2829 289 2835 .
406 2773 701 2863 subflavesceuS,
721 2774 845 2846 odoris
862 2773 1015 2847 Cor-licis
1031 2774 1189 2846 Fructus
1204 2773 1373 2845 Aurantii
1392 2773 1599 2865 peculiaris,

406 2901 552 2992 saporis
610 2906 713 2992 grate
771 2900 963 2974 aromatici
1021 2922 1106 2973 curn
1163 2899 1291 2993 aliqua
1343 2901 1599 2990 amaritudine,

405 3029 583 3120 ponderis
622 3050 723 3122 spec.
776 3029 906 3117 0860,
955 3028 993 3100 in
1040 3029 1170 3120 spiritu
1235 3027 1309 3100 vini
1362 3033 1599 3102 concentrato

406 3159 513 3232 l'acile
534 3159 701 3232 solubile.

515 3285 654 3358 Tractu
677 3285 855 3377 temporis
878 3285 1081 3377 particulas
1111 3285 1359 3377 crystallinas
1386 3285 1421 3356 in
1443 3308 1543 3377 aqua
1568 3292 1602 3358 et

407 3412 536 3506 spiritu
556 3412 630 3485 vini
650 3411 830 3486 solubiles
851 3412 1013 3504 deponit.

661 3697 841 3806 Oleum
877 3695 1124 3806 baruntii
1150 3697 1358 3805 florum.

515 3923 542 3994 Ε
559 3922 714 3997 floribus
735 3921 829 3994 Citri
842 3921 998 4018 vulpmcs
1017 3921 1222 4010 obtentum,
1233 3941 1364 3994 recens
1383 3920 1430 3992 sit
1444 3920 1600 4008 decolor,

406 4055 528 4138 tenue,
548 4056 717 4143 ternpore
737 4049 956 4136 flavescens
978 4049 1130 4121 demum
1150 4047 1459 4134 eiusce-ssavum,
1477 4046 1600 4120 odoris

406 4180 541 4250 florum
575 4177 747 4251 Aurantii
781 4175 992 4270 peculiaris,
1027 4176 1173 4268 saporis
1207 4175 1370 4264 primum
1399 4174 1599 4264 subdulcia

406 4313 486 4380 tum
499 4305 617 4378 ammi
637 4311 674 4378 et
694 4306 800 4394 acris,
821 4301 996 4398 ponderis
1017 4323 1116 4396 spec.
1132 4322 1268 4374 versus
1283 4302 1413 4390 0890,
1433 4301 1601 4374 facillime

407 4435 444 4505 in
465 4433 595 4526 spiritu
615 4432 690 4504 vini
710 4437 949 4505 concontrato
971 4429 1129 4502 solubile
1161 4429 1201 4500 ln
1223 4427 1456 4501 tenuioribus
1477 4429 1601 4501 stratis

406 4561 572 4634 violaceo
593 4560 718 4632 colore
738 4559 937 4633 fluorescit.

515 4687 676 4760 Mintura
696 4687 1018 4760 oleoso-balsamico.
