3574 5454
924 562 1134 636 -104-

724 772 948 883 Ferrum
976 776 1339 918 pulveratum.

541 1034 668 1106 Pulvis
698 1035 978 1126 subtilissimus
1009 1036 1255 1129 ponderosus,
1284 1035 1417 1107 nitoris
1446 1032 1637 1123 metallici,

434 1163 570 1237 coloris
582 1162 704 1254 grisei,
712 1169 885 1254 magnete
902 1163 1111 1236 adtrahitur
1126 1164 1208 1237 etin
1221 1163 1337 1236 acidis
1350 1161 1484 1250 dilutis,
1496 1161 1638 1252 hydro-

435 1290 598 1362 chlorico
629 1288 709 1362 sive
738 1289 928 1378 sulfurioo,
959 1290 1092 1382 exiguo
1118 1291 1270 1364 residuo
1304 1290 1430 1363 relicto
1459 1288 1638 1375 solvitur;

433 1416 708 1509 lrydrogenium
728 1417 839 1489 simul
859 1417 1041 1490 emissum
1057 1418 1228 1492 chartam
1245 1417 1424 1507 bibulam,
1445 1415 1639 1490 solutione

432 1545 575 1638 plumbi
602 1545 731 1619 acetici
755 1544 1021 1635 humectatam,
1052 1547 1176 1620 colore
1203 1547 1308 1619 tusco
1338 1546 1418 1619 sive
1446 1545 1560 1638 nigro
1592 1565 1638 1616 ne

433 1673 584 1746 inliciat.

544 1799 685 1872 Solutio
719 1798 1006 1891 hydrochlorica
1038 1819 1163 1891 neque
1198 1820 1299 1891 aqua
1325 1798 1640 1890 hydrosulfurata

437 1928 600 2000 colorem
615 1925 770 2016 recipiat
784 1925 1040 2017 nigricantem,
1061 1946 1141 2014 nec,
1160 1930 1366 2019 postquam
1375 1926 1513 1999 terrum
1525 1925 1638 1998 acido

433 2056 567 2129 nitrico
597 2055 802 2147 oxydatum
830 2059 867 2127 et
891 2053 1082 2126 ammonia
1107 2054 1322 2127 abundante
1351 2053 1638 2147 praecipitatum

434 2183 554 2272 fuerit,
573 2183 758 2275 liquorem
780 2181 972 2274 praebeat,
1003 2181 1067 2273 qui
1094 2180 1254 2253 filtratus
1284 2181 1474 2253 ammonio
1494 2181 1636 2272 hydro-

437 2309 623 2383 sulfurato
642 2309 822 2382 turbetur.

544 2436 755 2509 Residunm
774 2436 877 2509 Ferri
899 2434 1098 2529 pulverati,
1125 2435 1231 2507 acido
1251 2436 1539 2527 hydrochlorico
1561 2456 1637 2508 non

436 2566 613 2653 solutum,
639 2563 747 2637 acido
773 2565 906 2637 uitrico
931 2565 1111 2654 solvatur,
1132 2564 1268 2637 solutio
1289 2565 1470 2637 calefacta
1495 2569 1532 2637 et
1559 2568 1638 2636 tum

437 2717 537 2788 aqua
566 2695 685 2766 diluta
719 2715 789 2766 nec
821 2715 921 2786 aqua
950 2693 1259 2785 hydrosullurata
1282 2693 1540 2785 nigricantem,
1569 2711 1636 2764 nee

436 2821 627 2895 ammonia
647 2820 860 2894 caeruleum
881 2820 1045 2893 colorem
1064 2819 1196 2893 trahat.

545 2949 587 3022 In
607 2952 791 3042 apparatu
819 2947 974 3020 Marsbii
1004 2947 1258 3039 examinatum
1287 2947 1443 3039 vestigia
1473 2947 1636 3020 arsenici

437 3099 484 3150 ne
503 3077 692 3169 praebeat.

546 3204 720 3277 Servetur
737 3224 828 3275 vase
848 3202 1000 3276 siccato,

765 3688 988 3798 llerrum
1008 3687 1307 3846 reductum.

547 3949 674 4022 Pulvis
696 3972 715 4022 e
742 3950 890 4024 cinereo
916 3948 1114 4042 nigricans
1144 3949 1276 4023 nitoris
1306 3972 1451 4045 expers,
1479 3970 1635 4043 pressus

439 4078 577 4150 metalli
597 4078 835 4170 splendorem
853 4079 1047 4171 recipiens,
1067 4084 1240 4169 magnete
1261 4079 1479 4152 adtrahitur.

548 4204 590 4278 In
615 4205 731 4278 acidis
759 4206 894 4295 dilutio,
919 4205 1202 4298 hydrocblorico
1232 4211 1268 4279 et
1305 4206 1494 4294 sulfurico‚
1524 4206 1635 4297 plane

441 4333 608 4423 solvitur,
628 4333 859 4426 hydrogenio
881 4333 1017 4407 emisso
1038 4333 1168 4405 charta
1186 4333 1339 4426 plumbo
1361 4332 1499 4405 acetico
1511 4333 1635 4405 soluto

439 4463 656 4536 humectata
674 4482 721 4534 ne
743 4462 938 4534 coloretur.

550 4592 748 4664 Caeterum
763 4589 899 4662 solutio
914 4589 1200 4681 hydrochlorica
1209 4589 1256 4660 ad
1264 4586 1456 4680 reagentia
1467 4589 1633 4674 eandem,

442 4742 539 4813 quae
558 4717 661 4792 Ferri
681 4717 865 4811 pulverati
883 4717 1094 4811 respondet,
1115 4717 1299 4790 rationem
1317 4716 1505 4809 praebeat.
