3576 5454
879 538 1118 610 -180-

817 746 1166 856 lllentlrolnm.
1319 857 1322 864 .

502 973 926 1069 Crystalliprismaticae
937 973 997 1046 vel
1008 972 1223 1064 aciculares‚
1244 972 1449 1062 decolores,
1466 973 1590 1047 odon's

394 1106 431 1174 et
450 1101 599 1194 saporis
621 1101 693 1174 olei
712 1100 887 1174 Menthae
907 1099 1099 1192 piperitae‚
1131 1100 1202 1173 sub
1231 1103 1485 1192 temperatura
1513 1099 1587 1172 420

393 1228 538 1301 circiter
547 1229 768 1320 liquescunt,
784 1228 821 1300 in
834 1249 933 1319 aqua
943 1247 1089 1320 parum,
1105 1227 1144 1298 in
1154 1227 1286 1321 spiritu
1296 1226 1373 1299 vini
1388 1232 1425 1299 et
1440 1227 1590 1301 aethere

391 1356 498 1430 facile
529 1355 720 1444 solubiles,
751 1355 874 1429 calore
904 1354 1030 1428 balnei
1060 1377 1182 1447 aquae
1217 1355 1410 1448 expositae
1442 1353 1590 1446 penitus

395 1487 635 1574 evanescunt
657 1482 747 1576 quin
766 1482 933 1556 colorent
979 1537 987 1554 .

499 1609 732 1684 Mentholum
746 1608 945 1699 miscellae,
966 1631 1012 1682 ex
1027 1609 1245 1683 centimetro
1261 1609 1393 1682 cubico
1407 1603 1485 1683 uno
1498 1609 1592 1683 acidi

394 1737 524 1811 acetiei
539 1736 781 1825 concentrati,
803 1737 916 1828 gultis
935 1737 1055 1810 trihus
1072 1736 1167 1809 acidi
1182 1736 1348 1810 sulfurici
1364 1737 1590 1811 concontrati

392 1870 429 1939 et
449 1868 554 1958 gutta
573 1885 652 1937 una
671 1863 767 1936 acidi
786 1863 907 1936 uitrici
927 1863 1129 1952 confectae,
1148 1863 1337 1954 ingestum
1363 1865 1527 1938 colorem
1545 1885 1592 1936 ne

391 1994 538 2066 induat.

705 2167 943 2276 Mixturu
967 2199 1265 2310 gummosu.

391 2355 499 2449 Rpe:
531 2351 668 2430 cunni
688 2351 835 2430 Accolae
855 2352 1035 2454 pulveral!
1062 2359 1264 2450 qrammota
1284 2353 1393 2426 decem
1545 2357 1592 2428 10

529 2476 698 2559 decoliari
720 2479 900 2580 pulverati
1063 2489 1265 2579 qrammata
1285 2480 1438 2578 quinque
1569 2484 1591 2556 5

392 2612 496 2688 solve
515 2610 657 2684 sensim
677 2610 906 2684 effundendo
926 2609 966 2682 in

528 2736 650 2838 Aquae
670 2733 878 2815 destinatae
1060 2737 1230 2833 oraminis
1267 2743 1400 2809 centum
1452 2742 1485 2807 et

1120 2864 1268 2962 triqintc
1288 2865 1452 2961 quinque.
1522 2865 1592 2938 135

500 2991 658 3066 Paretur
677 3013 722 3065 ex
740 2996 920 3084 tempore.

592 3205 833 3314 Mixtura
860 3204 1375 3313 oleoso-balsamico

678 3396 917 3475 Balsamum
939 3398 1046 3476 vitae
1070 3397 1320 3477 Hoffmanni.

389 3558 489 3651 Rpe:
529 3556 607 3634 illei
628 3552 852 3632 lavandulno

553 3739 578 3781 ‚,
627 3681 717 3760 uitri
1060 3681 1108 3756 ᾶᾶ
1125 3690 1327 3780 qrammatc
1346 3682 1415 3756 duo
1570 3685 1592 3755 l

552 3863 576 3911 „
625 3809 949 3912 ilaryoplryllornn

553 3996 576 4036 ‚‚
627 3938 776 4016 liacidis

555 4123 577 4164 ‚‚
627 4063 790 4144 luraitll
810 4066 937 4143 floro!
1057 4065 1105 4139 ᾱᾶ
1122 4089 1285 4164 oramma
1305 4091 1415 4139 uuum
1573 4070 1589 4140 1

555 4249 576 4292 ‚‚
625 4193 842 4271 dinnano-l
1059 4199 1179 4291 quttas
1197 4193 1351 4290 quinque

526 4322 683 4400 Balsanl
702 4319 891 4398 Poruvlaui
1055 4328 1259 4418 qrammota
1278 4321 1346 4394 duo
1568 4323 1588 4393 l

527 4445 685 4548 Spiritus
706 4446 896 4526 aromatici
1059 4455 1261 4546 yrammotc
1281 4449 1485 4546 quincenti.
1516 4451 1591 4522 500

499 4579 606 4652 Stcnt
630 4575 670 4650 in
704 4577 909 4670 digestione
939 4599 1006 4670 per
1025 4577 1169 4669 aliquot
1197 4576 1290 4667 dice,
1318 4576 1405 4648 dein
1423 4576 1592 4649 miscella

388 4707 481 4777 bene
511 4709 681 4777 saturata
710 4705 868 4777 filtrctur
894 4710 930 4777 et
951 4708 1122 4776 servetur
1140 4702 1179 4774 in
1203 4702 1298 4776 vitro
1324 4703 1420 4776 bene
1450 4703 1588 4776 clauso.
