3574 5454
868 523 1108 596 -156-

502 739 640 831 Liquor
659 741 805 812 calefiat
824 742 872 814 ad
899 743 992 815 acidi
1023 741 1207 816 carbonici
1231 743 1434 833 perfectam
1464 744 1591 835 expul-

393 866 549 955 sionem,
573 868 658 940 dein
677 873 824 941 tantum
843 869 921 942 sive
941 869 1026 942 kalii
1047 868 1231 942 carbonici
1252 869 1330 942 sive
1351 870 1445 943 acidi
1466 871 1592 943 acetici

393 993 562 1083 addatur,
594 1001 775 1087 quantum
796 998 843 1069 ad
871 998 1074 1090 perfectam
1102 996 1448 1070 neutralisationem
1474 999 1591 1090 requi·

392 1122 493 1196 ritur.

504 1250 586 1340 Quo
607 1252 715 1341 fact0,
734 1252 856 1344 liquor
874 1252 1033 1326 fdtratus
1053 1253 1090 1325 in
1116 1253 1249 1325 balneo
1275 1274 1395 1344 aquae
1416 1274 1588 1345 evapore-

393 1385 454 1451 tur
473 1379 521 1451 ad
541 1381 690 1472 pondus
712 1402 813 1473 spec.
840 1381 940 1453 llo.

503 1507 643 1599 Liquor
661 1507 849 1600 limpidus,
885 1509 1045 1596 decolor,
1082 1509 1156 1581 lere
1177 1514 1318 1597 neuter,
1348 1507 1475 1581 addito
1494 1509 1590 1582 feno

395 1636 690 1726 sesquichlorato
725 1638 849 1710 soluto
884 1637 1047 1709 colorem
1073 1637 1219 1710 intense
1248 1639 1402 1710 rubrum
1426 1635 1536 1709 trabit
1556 1643 1591 1709 ct

395 1764 501 1836 acido
540 1767 712 1837 tartanco
755 1765 968 1838 abundante
1016 1766 1299 1859 praecipitatum
1338 1764 1590 1856 crystallinum

394 1891 560 1965 denatat.
983 1983 988 1991 .
1116 1867 1123 1874 ”

503 2020 645 2093 Solutio
680 2043 779 2113 aqua
813 2021 929 2094 diluta
961 2043 1030 2095 nec
1060 2043 1159 2113 aqua
1187 2019 1502 2113 hydrosulfurata,
1522 2041 1590 2093 nec

394 2148 583 2220 ammonio
619 2149 811 2236 sulfurato
846 2170 915 2221 nec
950 2149 1055 2222 acido
1089 2149 1219 2221 nitrico
1240 2149 1436 2236 acidulata,
1475 2148 1590 2237 baryo

394 2275 524 2348 nitrien
545 2280 718 2364 mutetur,
740 2281 896 2367 argento
918 2276 1046 2349 nitrico
1067 2277 1114 2348 ad
1136 2297 1327 2350 summum
1346 2276 1535 2348 lactescat.

711 2672 925 2782 llalinm
951 2673 1272 2781 bromatnm.

503 2895 672 2988 Crystalli
691 2897 808 2986 albae,
825 2897 985 2987 cubicae,
1002 2898 1192 2986 inodorae,
1214 2897 1358 2990 saporis
1375 2896 1482 2968 salini
1496 2917 1592 2988 pun-

394 3024 524 3115 gentis,
551 3024 590 3096 in
609 3032 693 3098 ae're
713 3025 967 3118 persistentes
994 3027 1100 3098 facile
1134 3028 1171 3098 in
1205 3046 1313 3117 aqua,
1341 3023 1525 3097 difficilius
1552 3024 1591 3095 in

394 3152 523 3243 spiritu
544 3151 618 3224 vini
639 3152 829 3232 solubiles,
852 3153 994 3226 Solutio
1020 3174 1174 3245 aquosa,
1195 3151 1392 3225 reactionis
1413 3152 1590 3240 neutrius

394 3298 460 3369 per
479 3278 644 3351 additam
663 3301 801 3371 aquam
835 3281 951 3353 chlori
978 3281 1141 3353 colorem
1165 3279 1285 3353 induit
1316 3280 1590 3366 fusco-flavum,

395 3405 457 3497 qui
478 3408 770 3499 conquassando
791 3429 877 3481 cum
899 3408 1012 3499 guttis
1032 3408 1174 3499 aliquot
1193 3406 1443 3480 chloroformii
1462 3406 1501 3478 in
1520 3406 1591 3477 hoc

393 3534 535 3626 migret,
555 3535 682 3608 relicta
709 3537 893 3609 solutione
919 3556 1065 3626 aquosa
1086 3535 1267 3608 decolore.
1288 3533 1416 3607 Ansae
1441 3533 1493 3606 fili
1511 3534 1588 3625 pla·

395 3661 482 3733 tinei
501 3661 634 3734 affixae
654 3665 844 3734 flammam
865 3663 988 3734 colore
1008 3663 1174 3735 violaceo
1194 3662 1374 3734 inliciunt.

502 3788 650 3862 Kalium
670 3791 891 3880 bromatum,
914 3791 1113 3863 contritum
1138 3791 1177 3862 iu
1204 3790 1333 3862 tabula
1358 3789 1593 3881 porcellanea

395 3917 480 3989 alba
513 3923 550 3990 et
582 3921 662 3990 tum
703 3916 800 3990 acidi
839 3918 1003 3992 sulfu1ici
1037 3919 1141 3990 diluti
1179 3921 1283 4009 gutta
1319 3938 1396 3988 una
1433 3917 1592 3989 alterave

395 4045 662 4134 humectatum,
685 4046 848 4118 colorem
866 4046 1006 4120 ssavum
1025 4068 1074 4120 ne
1094 4046 1234 4119 induat.

502 4174 643 4247 Solutio
678 4196 823 4266 aquosa
854 4171 903 4247 ne
937 4174 986 4246 sit
1017 4173 1215 4246 reactionis
1250 4172 1439 4260 alealinae,
1470 4192 1591 4262 neque

395 4323 495 4393 aqua
514 4301 830 4392 hydrosullurata,
851 4321 973 4392 neque
999 4300 1187 4372 ammonio
1209 4299 1391 4372 sulfurato
1420 4303 1592 4386 mutetur,

394 4428 509 4521 baryo
530 4429 660 4502 uitrico
681 4429 806 4502 addito
823 4429 930 4501 acido
950 4428 1080 4500 nitrico
1095 4428 1156 4500 vix
1174 4426 1354 4500 turbetur.
1373 4425 1465 4499 Cum
1481 4425 1593 4517 guttis

395 4557 537 4649 aliquot
561 4558 645 4629 feni
671 4557 961 4650 sesquichlorati
989 4556 1100 4629 soluti
1127 4561 1163 4628 et
1190 4552 1454 4626 chloroformio
1483 4573 1593 4644 quas-

395 4691 479 4758 sata
499 4684 571 4756 hoc
592 4686 716 4758 colore
736 4686 901 4758 violaeeo
922 4684 960 4757 in
980 4684 1131 4756 inliciat.
