3502 5454
906 555 1118 629 ..⁶28-

489 772 1195 909 Apomorpntnum
1233 775 1544 910 hydro·

780 937 1260 1051 obtorta-um.

526 1101 655 1174 Pulvis
677 1104 925 1195 crystallinus
954 1126 973 1176 e
994 1105 1141 1178 cinereo
1163 1106 1282 1194 albus
1302 1106 1432 1194 sicone,
1459 1106 1496 1178 in
1518 1124 1627 1195 aqua

417 1233 453 1300 et
482 1230 615 1320 spiritu
644 1230 720 1303 vini
740 1232 923 1324 solubiliS,
953 1232 992 1305 in
1018 1233 1170 1307 aethere
1199 1239 1236 1306 et
1255 1233 1519 1306 chloroformio
1540 1233 1624 1303 sere

416 1356 639 1432 insolubilis

529 1485 673 1559 Solutio
685 1507 841 1578 aquosa,
859 1487 1060 1561 reactionis
1077 1489 1257 1578 neutrius,
1275 1488 1410 1561 coloris
1425 1489 1537 1581 plane
1554 1490 1625 1558 aut

415 1613 490 1684 lere
507 1635 651 1706 expers,
670 1621 754 1686 aere
772 1615 944 1706 exposita
957 1616 1055 1688 lente
1072 1615 1261 1704 calefacta,
1283 1616 1390 1688 citius
1410 1615 1562 1688 virescit
1582 1619 1623 1685 et

415 1739 1621 1834 reactionemalcalinamrecipitSalsiccuur,aerihumidoetluci

416 1867 637 1959 expositum,
654 1869 817 1940 colorem
836 1869 994 1941 viridem
1021 1869 1152 1960 induit,
1175 1869 1282 1942 acido
1302 1870 1436 1942 nitrico
1458 1869 1621 1962 adjecto

414 1994 674 2086 sanguineum.
707 1995 810 2068 Idem
841 1997 945 2069 color
979 1996 1160 2086 nascitur,
1189 1997 1222 2069 si
1248 1997 1426 2069 solutioni
1447 2017 1621 2089 aquosae

416 2122 542 2214 aliqua
562 2123 656 2196 acidi
679 2124 799 2196 nitrici
820 2124 1048 2197 concentrati
1068 2124 1190 2217 portio
1210 2123 1450 2198 admiscetur.
1470 2125 1622 2197 Solutio

415 2272 573 2342 aquosa,
590 2251 807 2324 mixtarum
822 2253 921 2325 kalio
937 2253 1223 2344 hydrooxydato
1243 2253 1378 2342 soluto,
1399 2252 1502 2325 brevi
1522 2257 1620 2324 tem-

414 2400 506 2470 pore
532 2379 695 2451 colorem
716 2401 760 2452 ex
780 2380 888 2453 fusco
918 2380 1163 2473 nigricantem
1191 2380 1317 2468 trabit,
1351 2380 1437 2453 ferri
1467 2379 1620 2471 sesqui·

413 2506 572 2579 chlorati
593 2507 730 2581 solutio
751 2509 1047 2601 amethystiuum
1067 2510 1230 2582 colorem
1250 2507 1374 2582 efficit.

525 2635 586 2708 Sal
606 2634 645 2707 in
674 2635 815 2708 lamina
833 2636 998 2730 platinea
1027 2636 1229 2709 calefactus
1249 2637 1439 2729 deflagrat,
1461 2636 1622 2708 odorem

413 2762 641 2855 peculiarem
666 2765 910 2838 aromaticum
931 2786 1127 2859 spargam,
1159 2764 1310 2837 residuo
1341 2765 1444 2837 nullo
1474 2763 1620 2835 relicto.

523 2893 698 2964 Servetur
720 2892 803 2965 loco
823 2894 934 2982 sicco,
954 2893 993 2964 in
1013 2893 1113 2965 vasis
1134 2893 1274 2985 optime
1301 2891 1452 2979 clausis
1482 2913 1505 2963 a
1530 2890 1620 2962 luce

415 3024 613 3092 remotum.

742 3158 928 3300 Aquae
959 3158 1284 3267 destillatae.

522 3326 782 3416 Medicamina,
817 3327 865 3400 ad
898 3329 1091 3421 parandas
1126 3349 1245 3420 aquas
1280 3328 1486 3401 destillatas
1506 3349 1620 3420 prae-

413 3453 562 3546 scripta,
583 3454 735 3527 nonnisi
762 3455 915 3527 concisa
941 3456 1018 3530 sive
1048 3461 1209 3529 contusa
1229 3455 1479 3528 adhibeantur
1508 3461 1546 3528 et
1573 3455 1619 3527 in

414 3603 551 3672 genere
571 3603 638 3675 per
657 3582 786 3675 viginti
808 3586 971 3675 quatuor
998 3585 1113 3656 horas
1140 3604 1226 3656 cum
1246 3605 1346 3675 aqua
1364 3587 1620 3672 macerentur,

412 3715 618 3801 antequam
638 3710 838 3784 destillatio
857 3709 1075 3784 instituitur.

521 3839 653 3930 Aquae
684 3837 893 3910 destillatae
922 3838 997 3911 sint
1025 3838 1152 3912 odoris
1168 3841 1205 3910 et
1234 3837 1382 3930 saporis
1402 3837 1620 3928 peculiariS,

413 3965 476 4057 qui
506 3965 728 4038 substantiis
748 3965 962 4038 volatilibus
983 3965 1272 4040 medicaminum
1301 3964 1411 4053 inest,
1432 3985 1452 4036 e
1474 3965 1621 4056 quibus

412 4097 605 4186 parantur.

518 4220 720 4294 Serventur
761 4221 846 4293 loco
881 4219 1042 4292 obscuro
1084 4225 1120 4293 et
1153 4219 1297 4312 frigido.
1341 4220 1621 4294 Aetheroleum

410 4349 585 4421 innatans
607 4352 692 4420 ante
713 4346 1034 4440 dispensationem
1054 4347 1228 4420 filtrando
1249 4354 1458 4440 separetur.

518 4474 629 4566 Aqua
648 4475 955 4567 hydrosulsurata
975 4474 1142 4547 admixta
1160 4496 1206 4546 ne
1227 4480 1431 4547 mutentur.

516 4601 649 4693 Aquae
679 4603 805 4676 odoris
831 4603 908 4676 fere
928 4603 988 4675 vel
1014 4603 1163 4694 penitus
1192 4609 1363 4694 expertes
1383 4602 1462 4674 sive
1485 4623 1624 4674 muce-

409 4730 494 4803 dine
515 4733 713 4824 corruptae
729 4731 956 4822 rejiciantur.
