3574 5454
888 529 1129 603 ——rllu-

791 850 942 959 llnlia
968 851 1201 962 Sennae.

508 1092 650 1166 Foliola
670 1093 809 1166 siccata
842 1093 1003 1166 breviter
1037 1095 1225 1186 petiolata,
1256 1095 1338 1167 basi
1372 1094 1601 1189 inaequalia,

400 1225 634 1310 mucronata,
654 1220 884 1311 inlegerinra‚
905 1221 1124 1314 plerumque
1152 1222 1278 1314 plana,
1308 1222 1431 1295 nervis
1465 1245 1599 1297 secun·

400 1345 513 1419 dariis
534 1348 705 1438 arcuatis,
726 1348 938 1440 subglabra
951 1349 1035 1440 pilis
1051 1350 1185 1440 parvis
1207 1349 1337 1436 acuile,
1356 1350 1599 1442 simplicibus

399 1473 716 1564 unicellularibuS‚
732 1475 859 1567 rigida,
875 1475 1001 1548 odoris
1013 1476 1216 1567 peculiaris,
1230 1476 1377 1568 saporis
1389 1497 1595 1551 nauseoso·

400 1601 571 1674 subacris
598 1602 866 1675 nonnullarum
892 1603 1099 1695 specierum
1127 1603 1273 1694 generis
1301 1601 1445 1676 Cassiae
1473 1601 1599 1701 (Leyu-

398 1728 560 1802 minosae.
588 1727 899 1825 Caeselpinareue),
923 1752 1083 1828 quarum
1104 1728 1233 1802 Cassia
1249 1727 1432 1822 aculifolia
1447 1731 1596 1820 Delila

397 1855 519 1930 frutex
538 1857 578 1929 in
598 1857 778 1950 Aegypto,
807 1857 928 1929 Nubia
957 1862 994 1929 et
1021 1857 1146 1930 Africa
1173 1857 1326 1930 eenlrali
1353 1860 1596 1949 spontaneus

401 1983 536 2057 foliolis
564 1984 694 2073 evelle,
713 1983 773 2058 vel
793 1984 977 2076 oblongis,
998 1985 1126 2074 acuile,
1156 1985 1353 2057 duodecim
1380 1984 1427 2056 ad
1449 1984 1596 2077 triginta

365 2204 366 2215 ἵ
401 2112 610 2186 millirnetra
623 2111 756 2203 longis
771 2112 921 2203 glauco·
938 2111 995 2184 vel
1012 2111 1390 2201 subflavo-uiridibus²
1405 2113 1594 2185 subcoria-

398 2239 472 2312 ceis
489 2235 615 2314 Senam
631 2240 683 2312 sie
699 2239 835 2312 dieram
851 2236 1126 2316 Alexandrinam
1144 2238 1263 2335 (Folia
1278 2239 1425 2312 Sennae
1436 2237 1593 2312 Alexan-

396 2367 551 2458 drinae),
573 2366 702 2440 Cassia
719 2367 944 2462 erzqreslffelia
963 2367 1083 2456 Vahl,
1099 2367 1219 2441 frutex
1231 2367 1268 2439 in
1278 2365 1418 2438 Arabia
1432 2389 1503 2439 nee
1518 2389 1593 2440 non

395 2493 431 2565 in
461 2494 586 2567 Africa
614 2495 784 2567 orientali
811 2495 1020 2587 indigenas
1053 2495 1092 2567 in
1120 2494 1226 2566 India
1260 2494 1431 2567 orientali
1460 2494 1592 2582 cultus,

395 2619 530 2694 foliolis
560 2622 777 2695 lanceolatis
805 2624 864 2694 vel
891 2622 1263 2711 lineari-lanceolalis,
1300 2642 1422 2714 usque
1452 2620 1500 2693 ad
1528 2643 1592 2694 sex

396 2750 613 2821 centimelra
638 2749 772 2841 longis
803 2749 1046 2838 tenuioribus
1075 2752 1150 2822 fere
1170 2748 1477 2856 membranaceis,
1497 2749 1592 2821 laete

396 2875 573 2950 viridibus
603 2873 729 2953 Senum
750 2873 907 2951 ludieam
930 2874 975 2952 de
995 2873 1203 2974 linnerelly
1224 2875 1344 2968 (Folia
1369 2876 1517 2948 Sennae
1546 2875 1591 2948 de

395 3002 627 3096 Tinnevelly)
648 3005 813 3097 praebet.

504 3147 621 3226 Sem
641 3147 882 3227 Alexandrina
902 3155 1049 3240 praeter
1072 3148 1590 3240 lr·ngrnenlafolioru1n,frur·

393 3282 497 3350 tumo
520 3282 561 3349 et.
575 3275 733 3350 aliarurn
752 3278 915 3370 parliurn
937 3277 1093 3350 Cassiae
1115 3275 1328 3348 scutifoliae
1359 3277 1474 3349 etiarn
1494 3275 1590 3348 sistit

394 3403 481 3476 folia
497 3405 719 3498 plerumque
730 3407 816 3498 plus
828 3405 998 3477 minusve
1014 3403 1190 3491 involuta,
1202 3402 1589 3494 oblongo-lanceolata

392 3533 453 3604 vel
473 3533 777 3624 ovalo-oblonga,
803 3533 883 3604 basi
912 3531 1095 3624 aequalia,
1125 3535 1246 3618 acula,
1275 3529 1524 3621 integerrima,
1552 3529 1589 3600 in

392 3663 551 3753 utraque
580 3659 674 3732 facie
702 3659 787 3752 pilis
816 3656 1048 3752 simplicibus
1076 3657 1412 3750 plurieellularibus
1446 3657 1588 3746 vesnia,

393 3785 614 3859 densissime
629 3786 800 3858 minutim
814 3807 964 3878 rugosa,
977 3786 1103 3858 nervis
1115 3785 1348 3860 secundariis
1358 3785 1460 3857 haud
1474 3784 1588 3857 mani-

391 3913 506 4004 sesiiS,
517 3913 616 3987 lente
626 3914 771 4005 glauca,
782 3913 1043 4000 crassiuscula‚
1056 3912 1184 4004 rigida,
1196 3913 1352 4004 fragilia,
1370 3933 1467 4004 quae
1483 3911 1590 3984 offert

392 4037 659 4113 Sslenoslemma
694 4040 826 4136 Arylel
845 4039 997 4131 Hayne
1020 4039 1375 4138 (Asclepiadaceae),
1405 4062 1426 4111 a
1453 4038 1587 4131 quibus

392 4167 610 4240 mundanda
630 4173 697 4242 esi.
719 4165 835 4245 Sennu
864 4164 989 4242 lidron
1018 4163 1063 4244 de
1091 4164 1303 4266 'linnevelly
1333 4167 1479 4239 excellit
1496 4167 1588 4239 inle-

391 4295 521 4386 gritale
536 4294 747 4368 soliolnrunr
763 4300 800 4368 el
827 4294 999 4368 absentia
1018 4295 1188 4368 omniurn
1201 4295 1363 4387 partium
1382 4291 1585 4366 alienarum

391 4443 481 4515 prae
502 4423 634 4495 celeris
655 4423 842 4496 mercibus
863 4423 1023 4496 Sennea.

498 4569 601 4641 Folia
635 4570 783 4641 Sennae
817 4569 1070 4642 maceralione
1107 4591 1194 4642 euin
1229 4569 1361 4661 spiritu
1393 4567 1465 4641 vini
1498 4568 1585 4640 sub·

388 4696 535 4770 slantiis
555 4697 738 4770 resinosis
764 4697 895 4771 orbata
921 4702 1028 4772 sunt:
1064 4694 1163 4772 leli·
1187 4693 1327 4773 Sennee
1351 4695 1428 4772 sine
1453 4695 1587 4770 resina.
