3574 5454
875 547 1120 619 -144-

403 768 514 858 tibus
542 767 708 859 margine
730 767 871 840 ciliatis.
896 766 1028 840 Floros
1047 766 1208 839 breviter
1232 766 1448 858 pedicellati,
1478 769 1604 859 calyce

402 895 752 987 subcampanulato,
801 894 1141 986 quinque-dentato
1181 893 1394 986 corollaque
1427 895 1604 968 bilabiata

404 1043 514 1095 rosea
534 1021 592 1094 vel
607 1027 912 1114 purpuramenta
938 1022 1150 1113 congregati
1161 1027 1248 1094 sunt
1262 1021 1301 1092 in
1317 1021 1440 1113 spicas
1456 1025 1602 1112 breves

403 1150 554 1238 densae,
576 1149 895 1241 sub-tetragonas
915 1149 1077 1222 bracteis
1106 1149 1266 1240 magnis,
1293 1149 1423 1237 ovatiS,
1450 1149 1603 1242 glabris

402 1278 624 1369 plerumque
665 1277 840 1350 violaceis
879 1277 1083 1349 instructas
1123 1281 1160 1350 et
1196 1277 1235 1349 in
1274 1277 1495 1368 corymbum
1532 1283 1603 1349 ter·

403 1404 579 1476 minalem
625 1405 836 1497 dispositas,
881 1403 983 1477 Odor
1029 1405 1169 1494 suavis,
1210 1424 1325 1496 sapor
1361 1405 1602 1492 aromaticus

405 1532 641 1604 subamarus

511 1693 643 1791 Species
662 1698 879 1768 aromaticae.

642 2207 939 2318 Herba
977 2203 1362 2317 Sabinae.

773 2433 1034 2512 Summitates
1059 2431 1242 2511 Sabinae.

514 2629 709 2724 Janiperas
744 2629 876 2701 Sabina
905 2630 1041 2717 Lino„
1072 2629 1192 2701 frutex
1220 2629 1276 2700 vel
1304 2629 1537 2717 arbusculas
1566 2628 1605 2700 in

404 2757 552 2848 regione
564 2757 726 2831 abietina
742 2763 779 2831 et
792 2757 990 2848 subalpina
1005 2757 1177 2849 Europae
1194 2756 1369 2830 centralis
1381 2755 1603 2828 claustralis

405 2890 626 2976 spontanea,
647 2906 723 2957 non
743 2907 828 2957 raro
850 2885 981 2957 cultus.
1007 2881 1201 2977 Confferae.
1225 2881 1484 2977 Cupressineae.

514 3030 754 3103 Summitates
792 3050 985 3103 ramorum
1024 3028 1162 3118 siccati,
1200 3029 1356 3102 ramulis
1396 3030 1603 3117 coarctatio,

404 3155 500 3228 foliis
514 3156 754 3246 brevissimis
770 3178 871 3229 nunc
892 3155 1160 3249 quadrifariam
1180 3155 1468 3244 subimbricatis,
1489 3178 1600 3248 squa-

405 3284 684 3372 maesormibuS,
711 3284 918 3372 rlrombeis‚
950 3283 1225 3372 obtusiusculis,
1259 3283 1602 3376 erecto-adpressis

405 3431 505 3482 nunc
529 3411 813 3499 remotiuscnliS,
835 3411 985 3502 patulis,
1006 3409 1431 3498 mambae-lanceolata,
1467 3413 1601 3484 acumi-

404 3538 515 3625 natis
527 3539 806 3628 mucronulatis‚
823 3538 1155 3632 subpungentibuS,
1172 3538 1286 3611 dorso
1303 3559 1471 3611 convexo
1487 3560 1602 3632 prope

404 3664 568 3738 medium
594 3666 773 3757 glandula
792 3665 1104 3757 oblongo-lineari
1125 3667 1312 3758 impressa
1331 3667 1484 3753 notatis
1512 3665 1601 3738 odo·

403 3791 453 3864 ris
496 3794 621 3884 gravis
657 3794 859 3884 balsamici,
906 3793 1051 3886 saporis
1089 3793 1393 3866 resinosa-amari
1432 3798 1468 3865 et
1506 3793 1597 3866 acri-

404 3919 606 3992 balsamici.

513 4066 630 4141 Caute
649 4089 718 4140 nec
739 4069 838 4142 ultra
858 4090 1001 4140 annum
1021 4073 1199 4140 servetur.

515 4214 637 4287 Odore
658 4215 845 4304 debiliore,
866 4216 1022 4288 ramulis
1042 4216 1163 4306 magis
1184 4216 1333 4307 patulis,
1353 4215 1451 4288 foliis
1468 4237 1600 4289 versus

404 4343 615 4416 inferiorem
641 4342 740 4414 dorsi
764 4349 910 4436 partem
936 4343 1114 4434 glandula
1147 4342 1245 4414 ovali
1279 4344 1337 4415 vel
1366 4341 1602 4415 subrotunda

404 4471 604 4558 instructis
625 4471 889 4545 discernuntur
914 4470 1150 4543 summitates
1184 4468 1350 4565 Jauiperc'
1377 4468 1602 4565 Virpiaianae

405 4600 570 4688 (Lina),
596 4598 741 4671 arboris
771 4600 870 4692 apud
900 4619 970 4670 nos
1000 4619 1078 4670 non
1103 4619 1188 4669 raro
1221 4598 1352 4686 cultae,
1378 4597 1601 4688 quibuscum

405 4727 597 4802 hincinde
619 4728 854 4800 summitates
876 4725 1037 4800 Sabinae
1058 4724 1346 4800 contunduntur.
