3576 5454
889 511 1127 584 -19t—-

689 827 876 937 (ileum
902 829 1327 974 camphoratum.

408 1069 509 1160 Rpe:
547 1066 769 1170 camphorae
790 1070 826 1146 in
847 1070 1034 1169 patrarem
1055 1071 1233 1151 oontritae

842 1206 1044 1294 yrammato
1064 1201 1192 1297 oiqinti
1211 1202 1364 1299 quiaque
1556 1207 1603 1278 ib

408 1325 512 1398 solve
531 1327 687 1399 terendo
706 1327 744 1399 in

544 1447 620 1528 0Ιοί
641 1449 764 1529 otim
845 1454 1014 1551 yrammis
1032 1456 1254 1552 septuayinta
1274 1456 1427 1552 quinquo
1556 1461 1602 1533 75

408 1582 445 1650 et
462 1576 571 1653 filtra.

810 2009 998 2122 (ileum
1025 2011 1203 2121 Corvi.

517 2235 737 2309 Eiruotibus
749 2235 857 2309 Carvi
876 2242 1050 2328 paratum
1075 2237 1125 2310 sit
1144 2236 1371 2311 decolorant
1383 2239 1604 2328 subflavum,

257 2373 262 2382 '
409 2367 529 2450 tenue,
561 2362 741 2456 temporis
775 2367 896 2436 tractu
930 2364 1102 2457 spissius,
1145 2364 1271 2437 odoris
1304 2365 1463 2442 Fructus
1499 2366 1603 2440 Carvi

407 2489 618 2581 peculiaria,
653 2490 798 2583 saporis
832 2491 1041 2580 aromatici,
1072 2491 1261 2581 subacriS,
1282 2493 1477 2585 ⁴ponderis
1506 2516 1602 2587 spec.

409 2617 540 2704 0·910,
560 2615 600 2688 in
620 2617 753 2710 spiritu
772 2617 849 2689 vini
870 2616 1042 2691 facillime
1063 2618 1232 2692 solubile.

520 2742 654 2815 Oleum
679 2743 799 2833 Carvi,
829 2766 915 2817 oum
945 2746 1092 2838 aequali
1113 2746 1319 2838 quantitate
1352 2747 1506 2840 spiritus
1531 2748 1588 2821 vin

411 2872 640 2943 concentrati
662 2871 831 2961 dilutum,
862 2876 968 2964 gutta
986 2895 1064 2946 una
1083 2873 1169 2947 ferri
1192 2873 1479 2967 sesquichlorati
1495 2875 1604 2947 soluti

410 2997 549 3088 addita,
572 2999 734 3072 colorem
754 3000 1037 3073 subviolaoeum
1056 3001 1116 3073 vel
1134 3002 1396 3074 rubescentem
1416 3001 1540 3075 trahit.

653 3428 839 3539 Oleum
866 3431 1365 3576 Caryophyllorum.
1449 3494 1452 3500 =

506 3673 547 3746 'E
569 3673 828 3766 Caryophyllis
847 3681 1041 3767 paratum,
1062 3673 1111 3746 sit
1128 3673 1335 3767 limpidum,
1371 3674 1523 3748 decolor
1549 3677 1605 3747 vel

335 3833 340 3846 ·
409 3824 544 3896 parum
563 3804 785 3892 flavescam,
807 3802 934 3875 odoris
955 3800 1255 3892 fragrantissimi,
1285 3802 1433 3902 saporis
1463 3803 1604 3876 urentis

410 3929 616 4017 aromatici,
644 3928 821 4021 ponderis
854 3948 953 4021 sper.
985 3929 1288 4016 1·040-1·060,
1313 3929 1352 4001 in
1376 3928 1510 4022 spiritu
1535 3931 1605 4002 vini

409 4079 477 4130 nee
497 4058 632 4131 nonin
661 4057 768 4129 acido
788 4057 928 4129 acetico
949 4059 1189 4129 concontrato
1209 4055 1316 4128 facile
1337 4057 1572 4130 solvendum.

518 4185 628 4278 Aqua
656 4184 809 4274 fervida,
830 4204 916 4256 cum
944 4182 1036 4255 Oleo
1064 4182 1401 4276 Caryophyllorum
1422 4204 1604 4276 conquas-

410 4319 506 4402 sata,
522 4312 748 4385 reaotionem
763 4311 908 4383 acidam
920 4332 966 4382 ne
981 4311 1173 4403 praebeat,
1188 4317 1277 4403 post
1290 4311 1605 4402 refrigerationem

409 4462 510 4532 aqua
525 4438 679 4532 limpida
698 4437 848 4525 filtrata,
865 4443 972 4528 gutta
988 4459 1063 4511 una
1077 4438 1163 4512 ferri
1188 4437 1475 4531 sesquiohlorati
1500 4437 1606 4510 soluti

409 4568 546 4654 addita,
569 4566 732 4637 colorem
753 4567 969 4638 caeruleum
989 4566 1047 4638 vel
1067 4565 1224 4638 viridem
1243 4587 1290 4638 ne
1309 4564 1446 4638 trahat.

522 4693 685 4770 Μίκωνα
704 4693 1031 4766 oleoso-balsamico.
