3576 5454
705 558 948 636 —919-

470 775 642 886 Radix
668 775 870 887 Calami
899 775 1198 886 aromatici.

652 1007 849 1086 Rhizoma
871 1007 1009 1086 Acori.

342 1203 476 1274 Aloros
519 1201 685 1274 Calamus
722 1203 858 1292 Linn,
896 1203 1027 1295 planta
1059 1203 1235 1295 perennis
1268 1204 1306 1275 in
1339 1202 1429 1274 Asia

231 1329 415 1420 indigena,
436 1352 536 1402 nuuc
559 1330 596 1402 in
616 1331 708 1403 locis
728 1330 922 1422 paludosis
937 1329 1109 1422 Europae
1124 1331 1268 1403 mediae
1289 1331 1428 1422 ubique

231 1461 365 1548 sponte
385 1478 568 1530 crescens,
589 1458 756 1530 Araceae.

340 1583 525 1658 Rhizoma
565 1607 650 1658 sero
689 1591 869 1658 autumno
909 1585 1090 1657 effossum
1128 1589 1163 1656 et
1200 1584 1273 1657 leni
1307 1586 1428 1658 calore

233 1711 412 1785 siccatum
433 1714 590 1786 occurrit
609 1713 646 1785 in
666 1714 795 1786 bustis
821 1712 1125 1805 subcylindriciS,
1144 1712 1299 1804 paulum
1328 1735 1427 1786 eom-

231 1840 374 1931 pressis
408 1846 472 1914 aut
504 1863 572 1934 per
603 1841 872 1934 longitudinem
905 1841 1017 1926 fissia,
1047 1840 1084 1912 in
1109 1845 1214 1931 parte
1235 1840 1429 1932 superiore

234 1966 386 2039 alternis
418 1967 561 2040 vicibus
591 1970 766 2060 stigmata
794 1968 969 2041 loliorum
998 1967 1157 2058 trigona,
1197 1968 1430 2059 aliquantum

234 2093 423 2185 depressa,
472 2096 608 2170 coloris
641 2096 888 2169 luscescentis
923 2098 958 2167 et
991 2095 1201 2169 internodia
1230 2096 1428 2188 longitudi-

233 2221 366 2294 naliter
399 2243 548 2315 rugosa,
595 2223 833 2297 rubescentia
880 2227 945 2295 aut
982 2222 1430 2296 olivaceo-brnnescentia

235 2349 450 2438 ostendens,
489 2352 655 2425 alatere
689 2350 776 2424 hinc
810 2349 895 2422 iude
930 2351 1105 2442 stigmata
1143 2370 1353 2443 scaporum,
1392 2349 1431 2422 in

234 2481 339 2568 parte
369 2477 539 2552 inferiore
574 2479 741 2552 radicum
781 2478 970 2550 cicatrices
1008 2499 1157 2570 parvaS,
1191 2477 1429 2566 orbiculareS,

236 2609 446 2698 excavatas
462 2606 499 2678 in
516 2605 721 2680 curvaturis
738 2605 970 2698 simplicibus
991 2611 1055 2679 ant
1075 2605 1285 2699 duplicibus
1307 2604 1430 2697 dispo-

237 2732 339 2804 sitas,

345 2858 509 2934 Textnra
529 2861 663 2934 mercis
692 2861 795 2948 levis,
824 2861 924 2934 intus
954 2859 1276 2948 albida-rubentis
1306 2859 1432 2932 odoris

235 2987 432 3078 peculiaris
459 2989 659 3076 aromatici,
698 2988 843 3081 saporis
873 2989 1000 3077 amari,
1039 2987 1228 3060 aromatici
1257 2992 1314 3059 est
1343 2987 1430 3059 sub·

237 3115 449 3206 spongiosa,
464 3122 617 3207 propter
632 3116 782 3188 canales
798 3115 974 3189 aeriferos
999 3135 1223 3188 numerosos
1243 3115 1281 3186 in
1299 3135 1431 3207 paren-

238 3242 419 3333 clrymate,
457 3243 623 3335 amylum
670 3244 707 3314 in
754 3243 918 3334 granulis
965 3243 1179 3335 perpusillis
1222 3243 1433 3314 continente

237 3391 306 3442 nec
344 3391 421 3442 non
455 3371 492 3442 in
521 3370 850 3443 innumerabilibus
899 3369 1040 3442 cellulis
1088 3369 1253 3462 globosis
1309 3370 1435 3442 oleum

238 3497 463 3570 aethereum.

346 3622 565 3696 Extractam.
606 3625 784 3697 Taulara.
824 3624 957 3720 Species
984 3625 1225 3697 orrrariraates.
1267 3626 1434 3697 Pinetam

238 3750 418 3824 Adse'atlrii
437 3753 634 3848 coraposito.

585 4145 759 4256 Radix
785 4146 1093 4257 Columbae.

349 4369 566 4444 lateorrlalza
586 4369 755 4443 Columba
775 4371 920 4460 Miers,
940 4372 1069 4464 planta
1090 4373 1135 4445 ad
1153 4373 1277 4446 littora
1291 4373 1436 4446 Africae

239 4497 428 4570 orientalis
447 4498 686 4591 intertropica
705 4499 890 4572 habitans
912 4498 1229 4594 Mazispermaceae.

348 4625 470 4697 Radix
481 4629 588 4716 tlava,
600 4627 748 4717 siccata,
765 4627 926 4700 occurrit
939 4629 978 4698 in
993 4628 1196 4720 segmentis
1213 4628 1436 4701 transversis

240 4753 509 4825 orbicularibus
526 4753 750 4847 ellipticisvc‚
770 4755 948 4846 usquead
966 4755 1040 4828 dno
1057 4756 1272 4828 centimetra
1287 4756 1436 4846 crossia,
