3574 5454
709 529 947 602 -135-

552 741 764 853 Globuli
796 739 1094 850 martiales.

225 914 322 1006 Rpe:
358 909 458 987 Ferri
477 909 658 1013 pullenti
767 917 968 1008 prarmnalo
987 909 1227 1006 quadruplata
1369 909 1421 979 40

362 1035 458 1114 llalil
478 1035 787 1138 hydro-tarteria
806 1037 990 1140 pulveratl

767 1173 968 1264 praeamata
982 1165 1135 1237 ducenta.
1348 1163 1425 1234 000

336 1294 451 1368 Misce
471 1295 510 1367 in
531 1295 720 1388 sartagine
740 1296 862 1368 ferrea
882 1315 968 1366 oum

363 1420 484 1521 Aquae
777 1449 805 1494 s.
827 1447 871 1517 q,

228 1557 268 1624 ut
287 1551 353 1623 liat
372 1573 502 1623 massa
523 1549 760 1643 pultilormis.

337 1677 470 1769 Digere
491 1677 642 1770 saepius
659 1676 835 1770 agitando
857 1681 894 1748 et
914 1697 1052 1768 aquam
1072 1679 1314 1766 evaporatam
1334 1674 1423 1747 sub-

228 1805 314 1878 inde
351 1805 579 1878 restituendo
618 1806 737 1878 donee
774 1805 925 1891 ferrum,
965 1809 1147 1896 quantum
1184 1802 1262 1874 fieri
1294 1807 1427 1894 potest,

229 1933 394 2005 solutmn
426 1930 535 2004 luerit
568 1939 604 2004 et
636 1954 764 2005 massa
795 1930 939 2024 pultem
971 1930 1152 2023 praebeat
1181 1929 1426 2021 aequabilem,

228 2064 409 2146 tenacem,
429 2079 448 2129 e
469 2058 876 2152 viridi-nigrescentem,
897 2079 966 2150 pro
986 2058 1152 2130 maxima
1172 2078 1242 2128 sua
1261 2062 1368 2149 parte
1389 2057 1427 2129 in

230 2208 329 2280 aqua
347 2186 489 2258 fervida
508 2186 718 2259 solubilem.

338 2313 561 2388 Formantur
582 2314 741 2404 Globuli,
761 2313 940 2407 ponderis

880 2445 1118 2538 prarrrmatum
1138 2438 1282 2536 impiata
1377 2441 1427 2511 30

232 2567 294 2659 qui
314 2567 388 2641 leni
408 2569 531 2641 calore
552 2569 731 2641 exsiccati
749 2570 786 2641 in
805 2590 896 2642 vase
918 2568 1047 2641 clauso
1069 2572 1275 2640 serventur.

336 2695 417 2768 Sint
439 2695 549 2788 nigri,
576 2695 752 2784 nitentes
781 2716 865 2768 oum
893 2717 1014 2788 aquae
1044 2692 1231 2766 bullientis
1256 2694 1426 2786 partibus

227 2827 311 2894 orto
330 2822 555 2896 solutionem
575 2844 595 2894 e
615 2821 1013 2913 viridi-nigrescentem
1036 2820 1254 2914 praebeant,
1274 2820 1428 2894 residuo

226 2949 376 3021 nonnisi
395 2971 513 3041 parvo
532 2950 671 3023 relicto.

650 3142 1008 3276 Glyoerinum.

336 3310 476 3403 Liquor
509 3312 639 3404 syrupi
672 3311 949 3402 consistentiae,
987 3311 1176 3405 limpidus,
1217 3311 1352 3384 coloris
1390 3317 1428 3384 et

228 3439 355 3511 odoris
374 3460 517 3532 expers,
538 3440 683 3532 saporis
698 3440 832 3528 duleis,
852 3440 1049 3512 reaetionis
1069 3440 1252 3529 neutrius,
1269 3440 1307 3512 in
1328 3459 1428 3532 aqua

229 3572 266 3640 et
296 3566 428 3658 spiritu
461 3567 531 3640 vini
556 3567 688 3660 quavis
716 3567 956 3661 proportione
987 3568 1169 3657 solubilia,
1199 3567 1238 3639 in
1277 3565 1427 3638 aethere

227 3713 305 3765 non
332 3693 498 3781 solvitur,
522 3693 700 3786 ponderis
727 3694 892 3786 specilici
918 3695 1014 3766 105.
1041 3694 1084 3766 10
1103 3692 1243 3766 lamina
1262 3692 1428 3785 platinae

229 3819 451 3892 calefactum
471 3819 662 3911 deflagrat,
682 3821 836 3893 residuo
855 3841 932 3892 non
952 3820 1089 3892 relicto

340 3947 482 4019 Salutio
535 3968 682 4039 aquosa
733 3968 804 4018 000
857 3967 958 4038 aqua
1003 3946 1322 4038 hydrosull'urata,
1357 3967 1427 4018 000

229 4074 420 4147 ammonio
439 4073 635 4162 sulfurato,
655 4094 725 4146 000
740 4074 857 4164 baryo
872 4073 1015 4162 uitrico,
1036 4079 1190 4166 argento
1212 4073 1343 4146 uitrico
1363 4077 1425 4145 aul

229 4202 418 4275 ammonio
452 4202 597 4275 oxalico
631 4207 806 4275 mutetur.
847 4201 941 4276 Cum
979 4203 1100 4276 natrio
1138 4202 1427 4293 hydrooxydato

230 4331 357 4402 soluto
379 4331 615 4421 Glyren'num
635 4331 857 4403 calefactum
886 4351 956 4402 nee
976 4332 1172 4418 coloretur,
1192 4350 1261 4402 nec
1282 4351 1426 4402 ammo-

229 4458 333 4530 niam
366 4458 518 4547 emittat,
557 4480 642 4531 cum
677 4458 783 4531 acido
818 4459 995 4532 sulfurico
1035 4459 1150 4532 diluto
1185 4458 1428 4532 fervefactum

230 4585 384 4658 odorem
402 4584 600 4658 insuavem
618 4585 814 4658 rancidum
833 4607 881 4658 ne
901 4586 1047 4678 prodat.

346 4707 574 4808 unquentum.
