3574 5454
665 581 712 592 -..
747 541 875 613 79..
943 507 946 514 ’

280 757 410 848 Massa
449 757 573 830 adhue
612 757 730 830 calida
770 777 885 848 supra
917 755 1032 829 telam
1059 754 1212 828 linteam
1241 756 1368 825 exten·

172 889 293 959 datur.

281 1013 334 1086 Sit
351 1011 460 1084 valde
481 1011 705 1086 adhaerens,

280 1193 523 1290 Fanplastrum
544 1191 784 1290 Hydrurpyri.

390 1735 757 1878 Emplastrum
777 1735 1149 1880 Angliuanum.

172 2033 274 2125 Rpe:
313 2028 556 2131 lohtyooollue
577 2030 740 2107 ninutln
760 2029 926 2108 uenum

607 2167 805 2258 praenotato
824 2166 959 2232 centum

171 2287 274 2359 solve
294 2287 334 2360 in

308 2429 429 2533 Aquae
449 2429 657 2509 destinatae
678 2429 821 2532 ualidae

604 2567 837 2658 prammolom
857 2559 991 2633 duobus
1009 2559 1179 2650 natilibus¹
1268 2559 1373 2631 2000

175 2689 271 2761 adde

311 2809 466 2917 Spiritus
486 2813 563 2892 lliui
584 2815 809 2893 oenoeutrati

610 2952 808 3044 praeamata
827 2952 959 3017 centlum
1299 2943 1373 3017 100

310 3086 427 3166 llelliu
449 3087 617 3189 deputati

608 3223 807 3313 praeamata
826 3217 934 3289 decem
1327 3217 1375 3288 10

176 3349 213 3416 et
233 3344 315 3417 cola
332 3366 400 3436 per
418 3343 585 3418 linteum.

284 3489 519 3564 Solutionem
539 3491 613 3563 leni
635 3491 759 3564 calore
778 3491 1028 3584 liquefactam,
1050 3489 1210 3583 penicilli
1237 3511 1307 3582 ope
1338 3489 1375 3561 in

175 3618 291 3690 telam
330 3617 595 3708 bombycinum
633 3618 845 3710 levigatam,
885 3619 1103 3690 centimetra
1140 3617 1376 3710 septuaginta

176 3746 340 3840 quinque
370 3747 521 3836 longam
551 3751 588 3818 et
626 3747 841 3819 centimetra
878 3745 1072 3837 sexaginta
1096 3745 1250 3837 largam,
1278 3743 1374 3817 bene

177 3894 385 3966 expansam
404 3872 546 3945 sensim
563 3878 599 3945 et
613 3871 857 3964 aequabiliter
875 3872 1045 3961 inducas
1064 3879 1151 3965 post
1170 3871 1376 3966 quamlibet

176 4000 430 4074 inductionem
451 4001 694 4092 expectando
725 4001 845 4073 donee
863 4001 940 4074 tela
957 4000 1107 4093 penitus
1134 4000 1235 4073 sicea
1253 4000 1373 4073 fuerit.

285 4145 398 4218 Telae
419 4145 637 4237 superficies
659 4144 833 4238 opposita
851 4144 1027 4218 illiniatur
1045 4146 1209 4218 mixtura
1228 4165 1273 4216 ex

313 4288 505 4367 'lineium
523 4287 681 4366 lieuxots
695 4288 864 4386 portibus
883 4281 1048 4386 quatuor}

313 4436 468 4515 ualeant
489 4436 681 4515 Paruuluui
695 4447 800 4534 parte
819 4457 902 4511 uno.

285 4585 377 4658 Tela
396 4586 493 4658 bene
516 4586 656 4658 siccata
682 4585 719 4657 in
739 4586 860 4657 frusta
878 4591 1057 4658 seceetur.
1092 4585 1269 4678 Rigidum
1290 4607 1375 4658 esse

178 4717 323 4806 oportet
342 4719 379 4786 et
397 4713 649 4786 madefactum
670 4713 744 4786 culi
763 4713 862 4785 bene,
879 4712 1094 4785 adhaereat.
