3502 5454
642 550 859 624 ..75-

262 765 505 839 Substantiae
524 787 593 859 pro
623 767 778 840 decocto
811 767 988 840 concisae
1007 767 1066 839 vel
1101 773 1281 840 contusae
1315 768 1355 840 in

151 915 243 967 vase
282 895 419 967 idoneo
455 917 540 968 curn
577 895 775 968 sufficienti
814 895 1021 987 quantitate
1060 916 1181 986 aquae
1224 915 1352 987 super-

152 1021 396 1095 infundantur
428 1026 465 1095 et
497 1043 565 1114 per
599 1023 828 1096 semihoram
861 1022 1048 1095 interdum
1081 1022 1257 1113 agitando
1295 1021 1353 1096 vel

156 1155 364 1242 coquantur
392 1149 450 1222 vel
478 1150 683 1242 vaporibus
711 1150 837 1223 balnei
865 1171 986 1242 aquae
1007 1137 1217 1222 ebullientis
1239 1171 1351 1243 expo-

152 1282 301 1351 nantur.
349 1276 549 1369 Liquidum
592 1277 717 1351 adbuc
764 1277 925 1352 calidum
973 1298 1059 1351 curn
1112 1278 1353 1370 expressione

152 1405 294 1478 coletur
315 1410 362 1493 et,
384 1404 417 1477 si
437 1425 533 1497 opus
554 1405 673 1496 suerit,
693 1405 861 1480 filtretur.

260 1550 503 1624 Substantiae
537 1555 746 1626 structurae
780 1555 998 1645 compactae
1036 1551 1075 1624 in
1113 1571 1250 1642 genere
1287 1570 1354 1643 per

152 1676 286 1750 horam
306 1682 527 1770 coquantur.

212 2163 498 2272 Decoetum
527 2163 932 2434 Sarspparitlae
959 2164 1307 2305 compositum

618 2391 620 2398 ,
672 2330 859 2444 ertias,

152 2532 253 2625 Rpe:
289 2528 434 2608 Bacticis
454 2527 722 2634 Scrsapcrittee
742 2530 910 2608 concine

694 2665 895 2757 praeterlata
914 2657 1039 2754 viciati
1299 2657 1350 2729 tt)

153 2785 278 2876 digere
298 2806 384 2860 curn

291 2930 413 3032 tque
433 2929 644 3008 destinatae
699 2931 891 3030 sufficiente
910 2931 1104 3027 percantata

151 3079 219 3150 per
240 3058 353 3132 boras
372 3059 503 3151 viginti
523 3064 695 3153 quatuor,
715 3059 889 3132 addendo

279 3201 450 3281 Saccberi
471 3202 652 3306 petvereti

289 3329 464 3408 tteutntc
484 3329 665 3431 putrent}

697 3457 744 3532 α’ῖι
761 3482 925 3556 pramrna
945 3457 1055 3530 unani
1330 3462 1345 3532 1

151 3603 239 3678 dein
259 3625 378 3697 coque
396 3626 463 3698 per
484 3606 631 3678 horam.

259 3750 337 3824 Sub
356 3751 472 3824 finem
492 3751 672 3825 coctionis
694 3750 791 3824 adde

286 3893 436 3973 Fructus
456 3895 552 3973 tciri
572 3894 730 4000 vulgaris
750 3895 891 3973 centuni

286 4039 437 4118 Fructus
457 4039 641 4119 coenent
662 4041 804 4119 conteni

693 4169 739 4244 ιῖα
759 4171 1031 4267 deciqrommota
1050 4177 1121 4242 ocio
1284 4172 1348 4244 0·8

283 4311 464 4391 Foliorum
485 4312 625 4393 Seme
645 4315 872 4393 concisore·

690 4452 892 4542 praeornata
911 4445 1064 4542 quiaque
1324 4445 1347 4516 5

285 4585 431 4664 baeticis
453 4581 664 4690 bt'qntrbiae
685 4588 854 4666 concisae

688 4723 892 4813 prcmmota
908 4715 979 4789 duo
995 4725 1025 4787 et
1044 4716 1246 4789 dianidium.
1286 4718 1347 4790 bb
