3576 5454
696 552 937 626 —xxl-

220 771 502 859 orbicularibuS,
523 771 692 863 ellipticis
709 779 773 845 aut
785 773 1046 845 reniformibus
1067 773 1105 844 in
1123 770 1415 863 parencbymate
1486 793 1496 812 ·

220 901 316 973 laete
336 899 456 985 viridi;
485 899 652 972 rhizoma
671 900 795 992 ipsum
815 901 853 972 in
873 905 1116 992 conspectum
1143 900 1207 972 dat
1224 903 1418 991 praeterea

221 1027 398 1101 circulum
416 1027 658 1118 irregularem
678 1033 873 1101 externum
891 1028 1156 1101 fasciculorum
1175 1027 1374 1099 minorum.

331 1155 454 1227 Radix
487 1160 545 1228 est
577 1155 725 1247 saporis
757 1129 959 1246 subdulcis,
981 1155 1260 1246 adstringentis
1283 1153 1417 1226 deinde

222 1281 403 1386 subacris.
426 1281 628 1374 Colligatur
648 1289 828 1356 autumno
850 1287 886 1356 et
905 1282 1107 1376 quotannis
1127 1286 1337 1354 renovetur.
1360 1279 1420 1352 Ad

221 1412 413 1504 pulverem
431 1410 642 1502 parandum
671 1411 838 1484 rhizoma
857 1433 880 1484 a
898 1411 1225 1503 phyllopodiorum
1250 1409 1419 1512 partibus

223 1559 301 1612 101
319 1536 550 1626 11011110010,
569 1538 686 1629 paleis
705 1538 969 1631 radicibusque
998 1538 1191 1611 fibrillosis
1211 1537 1420 1622 liberatum,

223 1688 301 1740 una
338 1685 424 1737 curn
459 1664 712 1756 phyllopodiis
751 1665 986 1740 decorticatis
1025 1671 1132 1739 caute
1177 1666 1338 1738 siccetur
1386 1666 1422 1735 et

224 1793 346 1886 pulvis
370 1792 465 1864 laete
485 1790 613 1865 viridis
632 1793 671 1865 11
690 1794 791 1866 vasis
811 1795 906 1867 bene
927 1793 1121 1896 obturatis
1141 1793 1214 1866 luci
1233 1791 1419 1883 imperviis

225 1925 403 1993 servetur.
423 1917 550 1991 Pulvis
570 1919 705 1992 coloris
725 1921 849 1994 flavidi
869 1927 933 1995 aut
953 1919 1199 1995 cinnamomei
1222 1917 1420 2011 rejiciatur.

334 2045 553 2119 Extractum.

571 2333 748 2443 Radix
773 2333 1088 2444 Gentianae.

342 2557 519 2630 Gentiano
547 2557 639 2630 iuteo
667 2559 790 2631 Linn.
823 2566 859 2633 et
891 2558 1066 2630 Gordiano
1090 2557 1299 2630 Pannonico
1326 2560 1423 2630 Sco-

226 2687 331 2780 puli,
368 2687 796 2779 ρ11110010101100,11
829 2688 945 2779 pratis
980 2686 1187 2779 subalpinis
1222 2691 1257 2758 et
1290 2685 1425 2776 alpinis

227 2815 399 2906 Europae
418 2812 563 2886 mediae
584 2819 828 2906 spontaneae.
857 2813 1118 2886 Genticnorcoc.

340 2941 461 3012 Radix
500 2962 671 3028 carnosa,
717 2941 938 3033 plerumque
984 2942 1171 3034 pluriceps
1219 2945 1257 3012 et
1292 2961 1427 3032 parum

231 3091 393 3158 ramosa,
415 3068 553 3141 siccata
576 3067 614 3139 in
631 3070 833 3160 segmentis
854 3070 1096 3143 decimetrum
1120 3074 1157 3142 et
1176 3068 1274 3140 ultra
1293 3068 1426 3158 longis

231 3198 306 3269 duo
326 3197 374 3268 ad
394 3194 558 3287 quinque
580 3196 797 3269 centimetra
816 3198 965 3287 crassis,
992 3196 1210 3289 cylindrum,
1240 3195 1427 3268 interdurn

227 3345 296 3416 per
332 3322 600 3413 longitudinem
626 3323 749 3412 sectis
788 3346 948 3417 superne
982 3324 1129 3398 annulis
1158 3322 1426 3416 approximatis

229 3449 485 3540 transversim,
521 3454 710 3523 caeterum
747 3452 1061 3544 longitudinal'ter
1097 3473 1228 3544 grosse
1266 3449 1427 3541 rugosis,

231 3583 443 3652 extrorsum
472 3578 771 3668 subrufo-fuscis
810 3581 1014 3653 introrsum
1043 3581 1166 3652 colore
1192 3578 1427 3666 lusco-flam,

234 3705 438 3797 fragilibus
457 3705 619 3777 fractura
643 3729 787 3798 aspera,
813 3709 881 3780 sed
901 3707 1121 3780 humiditate
1133 3711 1292 3780 attracta
1320 3711 1423 3777 tena-

232 3834 337 3905 cibus
363 3838 399 3904 01
423 3833 654 3921 flexibilibus
693 3836 821 3908 odoris
860 3835 1086 3922 dulciusculi,
1109 3833 1249 3906 caricas
1270 3835 1428 3906 siccatas

230 3961 435 4047 1010101110,
455 3960 601 4052 saporis
622 3964 816 4053 peramari,
838 3964 1006 4037 saucibus
1027 3962 1090 4034 diu
1109 3961 1361 4034 adhaerentis

343 4086 463 4159 Sectio
482 4091 699 4160 transversa
718 4091 852 4162 radicis
872 4091 949 4164 fere
970 4088 1173 4181 acqualiter
1192 4089 1430 4180 fusco-flava,

233 4215 373 4288 annulo
409 4215 578 4287 cambiali
612 4237 631 4288 c
665 4218 908 4309 nigro-lusco,
930 4219 1067 4292 nitente
1103 4222 1139 4290 et
1166 4217 1266 4307 ligno
1294 4237 1429 4307 parum

233 4342 429 4416 manifeste
448 4343 619 4417 radiatim
635 4347 775 4419 striato.
793 4346 1079 4437 Parenclrymati
1094 4345 1260 4436 amylum
1276 4344 1429 4416 omnino

236 4471 354 4544 deest.

342 4597 561 4671 Extractuor.
597 4601 730 4697 Species
763 4604 1004 4677 1010111001εο
1044 4601 1213 4672 Tinctum
1248 4597 1430 4670 Absinilrii

237 4732 433 4835 composito.
460 4731 629 4803 Tinctum
649 4755 787 4806 cinara.
813 4732 846 4804 T
841 4731 983 4803 iactura
1008 4728 1140 4802 Chione
1158 4724 1358 4821 composito.
