3502 5454
677 577 864 650 .-5-

281 795 423 869 Solutio
439 817 596 887 aquosa,
608 797 742 888 frigore
757 801 935 884 saturata,
955 797 1054 868 ferro
1071 795 1372 888 sesquichlorato

172 921 317 1014 adjecto
337 923 519 1012 turbatur,
541 925 704 997 colorem
725 924 937 995 subflavum
961 923 1158 1015 recipiens,
1191 921 1254 1014 qui
1279 922 1372 993 cale-

86 1144 89 1148 ·
173 1050 346 1124 faciendo
365 1050 544 1124 intensior
569 1051 701 1138 evadit,
722 1051 788 1124 sed
816 1050 942 1122 addito
963 1050 1069 1122 acido
1089 1049 1373 1140 hydrochlorico

172 1177 287 1251 diluto
308 1179 505 1251 evanescit.

283 1306 465 1395 Crystalli,
485 1307 627 1379 intubo
642 1305 854 1400 probatorio
872 1327 957 1379 cum
976 1306 1119 1397 liquore
1138 1305 1224 1377 kalii
1239 1303 1374 1396 hydro·

172 1434 319 1525 oxydati
334 1434 550 1522 calefactae,
569 1456 617 1506 ne
637 1433 864 1506 ammoniam
882 1434 1066 1520 evolvant,
1086 1453 1220 1524 neque,
1241 1430 1374 1503 sicum

173 1561 359 1634 solutione
414 1567 654 1633 concentrata
699 1561 784 1632 kalii
830 1559 1110 1654 permaugauici
1155 1562 1374 1646 tractantur,

171 1687 325 1760 odorem
356 1688 429 1761 olei
454 1688 740 1780 amygdalarum
768 1708 984 1760 amararum
1013 1686 1176 1760 aetherei
1205 1686 1374 1758 excitent.

521 2046 741 2154 lordum
768 2047 1025 2154 horicum.

280 2270 452 2363 Crystalli
462 2292 701 2363 squamosae,
714 2272 849 2344 coloris
863 2277 1044 2364 expertes
1056 2270 1186 2343 nitoris
1196 2269 1374 2361 languidi,

173 2397 221 2468 ad
241 2401 380 2488 tactum
401 2399 573 2492 pinguae,
592 2399 631 2470 in
647 2420 746 2491 aqua
760 2399 893 2490 frigida
909 2399 1066 2489 difficile,
1087 2399 1127 2471 in
1141 2398 1283 2470 fervida
1302 2418 1373 2470 nec

170 2544 247 2596 uon
265 2525 303 2596 in
322 2525 454 2619 spiritu
473 2526 546 2598 viui
566 2526 671 2598 facile
693 2531 728 2597 et
748 2527 859 2618 plane
879 2525 1070 2599 solubiles.
1097 2526 1241 2598 Solutio
1270 2525 1372 2618 spiri-

170 2658 281 2724 tuosa
294 2653 449 2726 incensa
462 2653 656 2725 flammam
670 2653 776 2725 viridi
792 2654 914 2725 colore
925 2653 1041 2746 tingit.
1058 2653 1199 2726 Solutio
1216 2673 1372 2744 aquosa,

169 2781 227 2851 vel
245 2779 371 2852 addito
387 2780 493 2852 acido
509 2779 806 2872 hydrochloricO,
823 2781 977 2854 chartae
993 2800 1192 2854 curcumae
1209 2780 1372 2853 colorem

170 2928 214 2978 ex
234 2907 340 2979 fusco
360 2908 517 2980 rubrum
536 2907 673 2979 tribuit.

276 3034 435 3108 Aridum
450 3035 628 3126 horicum,
649 3035 687 3106 in
704 3033 810 3106 acido
827 3034 1006 3107 sulfurico
1022 3040 1262 3108 concentrato
1279 3036 1371 3108 cale-

168 3161 340 3234 faciendo
355 3164 534 3250 solutum,
548 3167 637 3254 post
653 3154 984 3253 refrigerationem,
1002 3163 1178 3254 crystallo
1195 3163 1281 3234 ferri
1296 3162 1370 3234 sul-

168 3288 273 3361 furici
291 3288 442 3381 injecto,
464 3310 600 3362 zonam
621 3291 768 3362 fuscam
789 3310 836 3361 ue
856 3290 1054 3382 impertiat.

277 3417 420 3489 Solutio
451 3437 597 3508 aquosa
616 3439 686 3491 nee
707 3439 807 3511 aqua
825 3418 1143 3509 hydrosuliurata,
1163 3438 1233 3489 nec
1253 3419 1369 3508 baryo

169 3541 310 3630 uitrico,
330 3563 399 3616 nec
419 3547 574 3634 argento
593 3543 737 3634 nitrien,
764 3566 887 3636 neque
909 3545 1100 3617 ammonia
1118 3551 1254 3617 neutra
1273 3545 1372 3617 facta

168 3668 358 3741 ammonio
379 3669 563 3742 sulfurato
583 3675 761 3744 mutetur.

313 4031 652 4144 neruum
693 4034 1231 4176 corbolicum.

655 4277 893 4358 Plreuolum.

276 4492 406 4565 Massa
427 4512 472 4564 ex
495 4492 681 4583 crystallis
703 4493 950 4566 acicularibus
971 4493 1190 4585 composita,
1208 4493 1368 4580 decolor,

167 4623 334 4711 tempore
350 4619 559 4692 flavescens
577 4620 637 4691 vel
652 4620 881 4706 lascescens,
903 4618 1030 4692 odoris
1046 4619 1255 4713 peculiaris
1278 4641 1365 4692 cau·

168 4746 273 4836 stica,
288 4745 509 4819 humiditate
526 4747 697 4820 adtracta
712 4747 854 4836 diffluit,
874 4746 1072 4820 reactionis
1087 4748 1267 4821 neutrius,
1289 4747 1369 4820 Sub
