3574 5454
854 432 1096 503 -164-

370 649 409 721 in
430 649 560 722 charta
580 649 700 739 tritus²
727 647 850 722 colore
870 647 969 720 flavo
990 647 1148 739 tingens,
1169 647 1404 740 compositus
1425 670 1444 721 e
1465 649 1567 740 glan-

372 776 469 849 dolis
485 776 649 866 minutiS,
665 775 1110 869 depresso-subglobosis,
1132 775 1259 868 aliqua
1275 797 1321 848 ex
1336 780 1443 868 parte
1458 777 1566 848 mori-

371 904 566 993 formibuS,
593 903 776 976 diametro
798 900 1388 995 0·04—0·10millimet1i,quae
1418 902 1569 976 cellulas

372 1033 540 1104 clavatas
588 1030 857 1124 leptodermas,
906 1028 1078 1101 radiatim
1124 1028 1325 1122 dispositas
1369 1030 1568 1119 continent,

373 1179 525 1232 massae
573 1157 766 1231 resinosae
808 1156 942 1230 rubrae
982 1157 1111 1228 nitenti
1144 1157 1319 1246 insertas
1358 1162 1395 1230 et
1432 1178 1452 1230 e
1485 1157 1568 1250 pilis

369 1285 598 1359 fasciculatis
616 1285 897 1380 pachydermis.

479 1412 657 1486 Kamalae
687 1419 838 1488 centum
876 1415 1001 1504 partes
1031 1412 1251 1484 combustae
1282 1433 1329 1484 ne
1355 1411 1569 1504 relinquant

372 1540 457 1634 plus
478 1562 592 1633 quam
610 1546 737 1634 partes
759 1563 825 1614 sex
845 1539 979 1612 cineris
999 1537 1265 1629 griseo-albidi.

480 1668 579 1741 Cave
598 1689 646 1741 ne
666 1668 714 1741 sit
734 1668 972 1761 inquinatum
991 1666 1161 1759 partibus
1182 1666 1342 1739 aliarum
1357 1665 1570 1760 plantarum

371 1816 480 1885 neve,
501 1796 604 1888 quod
623 1817 725 1868 nunc
745 1817 858 1888 quam
879 1795 1040 1868 maxime
1067 1794 1227 1867 occurrit
1246 1814 1370 1883 arena,
1399 1793 1486 1865 bolo
1507 1799 1570 1865 aut

371 1925 523 2016 pulvere
542 1922 719 1996 latericio.

717 2445 1246 2559 Kreosctum.

480 2708 621 2799 Liquor
634 2705 823 2798 limpidus,
841 2706 1026 2795 oleaceus,
1047 2707 1170 2778 lucem
1186 2706 1405 2798 refringens
1423 2707 1575 2780 decolor

371 2835 448 2907 sive
469 2833 691 2922 flavescens,
722 2831 849 2905 odoris
876 2833 1106 2924 penetrantis
1125 2833 1264 2921 fumidi,
1289 2833 1466 2924 ponderis
1486 2856 1571 2925 spe-

371 2963 464 3035 cifici
488 2961 736 3048 1·03-1·08,
757 2980 805 3033 ne
827 2959 977 3052 quidem
997 2961 1068 3032 sub
1086 2963 1341 3053 temperatura
1363 3003 1409 3012 —
1435 2961 1509 3033 b00
1532 2963 1572 3034 in

371 3109 539 3161 massam
559 3087 721 3160 solidam
739 3087 938 3178 rigescens.
974 3086 1069 3160 Cum
1089 3087 1240 3160 aethere
1269 3093 1307 3161 et
1336 3088 1468 3180 spiritu
1496 3090 1573 3162 vini

371 3215 521 3308 limpide
550 3216 740 3302 miscetur,
771 3235 891 3306 aquae
920 3214 1085 3286 fervidae
1105 3212 1248 3287 circiter
1266 3221 1394 3308 partes
1420 3221 1572 3290 centum

371 3341 500 3433 viginti
520 3339 699 3433 exposcit,
719 3346 761 3414 ut
780 3341 930 3434 limpide
959 3341 1149 3429 solvatur;
1191 3341 1327 3415 solutio
1356 3343 1573 3434 refrigerata

371 3469 491 3562 primo
503 3469 687 3556 turbatur,
702 3473 782 3542 turn
794 3468 907 3560 guttis
923 3468 992 3540 olei
1004 3467 1264 3541 secedentibus
1274 3469 1428 3562 limpida
1438 3472 1571 3560 evadit,

370 3596 538 3688 pauxillo
562 3593 650 3668 ferri
671 3594 958 3687 sesquichlorati
977 3595 1104 3667 addito
1124 3595 1247 3668 denuo
1263 3597 1432 3670 turbatur
1451 3604 1487 3671 et
1508 3620 1570 3672 co-

371 3723 489 3795 lorem
504 3743 524 3794 e
540 3723 662 3814 griseo
678 3721 833 3794 viridem
849 3726 914 3794 aut
929 3723 1152 3812 caeruleum,
1168 3723 1272 3797 brevi
1283 3730 1570 3798 evanescentem

370 3849 494 3937 trahit,
533 3849 712 3922 flocculos
741 3848 1063 3922 subllavescentes
1093 3850 1304 3923 demittens.
1343 3849 1571 3924 Kreosctum

371 3975 562 4048 ammonia
574 3977 740 4050 solutum
759 3982 794 4050 et
809 3976 936 4049 addito
950 3981 1104 4068 argento
1116 3978 1247 4051 uitrico
1259 3977 1307 4050 ad
1319 3978 1569 4052 ebullitionem

372 4103 603 4190 calefactum,
624 4104 757 4196 liquori
776 4106 938 4176 colorem
958 4103 1054 4177 laete
1074 4106 1231 4178 viridem
1255 4104 1391 4193 tribuit,
1412 4105 1571 4178 simulac

373 4229 495 4326 paries
514 4229 594 4301 tubi
613 4231 818 4322 probatorii
839 4231 989 4303 lamella
1009 4233 1151 4323 argenti
1170 4231 1367 4306 inducitur.

480 4357 706 4430 Kreosctum
725 4378 810 4430 cum
831 4358 961 4431 decem
976 4359 1227 4432 voluminibus
1247 4361 1458 4432 ammoniae
1479 4382 1569 4433 con·

372 4484 591 4576 quassando
608 4485 765 4557 mixtum
781 4507 828 4559 ne
843 4485 941 4558 ultra
951 4490 1124 4577 quartam
1143 4487 1202 4559 sui
1211 4485 1413 4560 voluminis
1424 4493 1571 4581 partem

371 4611 611 4684 diminuatur.
