3574 5454
860 542 1098 617 -168-

654 758 885 902 Lignum
910 755 1304 897 Haematoxyli.

703 989 874 1094 Lignum
898 988 1253 1093 Campechiannm.

487 1183 760 1280 Haemoioccylou
786 1183 1397 1281 CampecluanumLinn.,arh0rin
1407 1183 1575 1257 America

380 1312 533 1385 centrali
552 1313 738 1404 indigena.
769 1312 1030 1411 Lepuuu'nosuc.
1051 1312 1345 1408 Cocsulpiuoccoc.

489 1459 677 1532 Duramen
691 1460 824 1548 trunci,
845 1466 1023 1551 prostans
1043 1462 1082 1533 in
1104 1461 1296 1533 codicibus
1316 1459 1475 1550 magnis
1497 1479 1572 1530 eor·

382 1585 452 1658 tice
473 1591 509 1658 et
529 1587 685 1660 alburno
725 1587 849 1659 albido
880 1587 1076 1680 destitutis
1106 1588 1340 1661 extrinsecus
1361 1609 1381 1659 e
1406 1585 1575 1659 caeruleo

384 1714 484 1804 atris,
505 1714 757 1788 intusefusco
777 1715 907 1805 rubris
927 1716 1193 1808 ponderosum,
1214 1716 1361 1803 durum,
1381 1714 1420 1786 in
1440 1715 1576 1785 fissura

383 1863 515 1932 grosse
544 1843 735 1934 fibrosum,
758 1843 804 1947 ¹in
835 1843 999 1915 sectione
1029 1849 1246 1917 transversa
1278 1842 1382 1914 zonis
1416 1840 1575 1913 subcon-

384 1969 554 2041 centricis
566 1969 768 2058 undulatis‚
782 1992 851 2062 per
865 1971 966 2044 vices
984 1971 1106 2044 colore
1122 1971 1346 2044 saturatiore
1358 1972 1395 2041 et
1405 1967 1576 2040 dilutiore

382 2101 419 2168 et
437 2097 551 2171 radiis
572 2096 841 2170 medullaribus
866 2098 962 2170 inter
982 2121 1022 2171 se
1041 2099 1220 2192 proximis
1240 2097 1493 2172 subtilissimis
1517 2117 1576 2168 or-

379 2230 520 2316 natum,
550 2225 699 2318 saporis
728 2225 932 2315 subdulcis,
954 2227 1303 2318 subadstringcntis
1333 2227 1429 2298 inter
1448 2224 1576 2297 masti-

381 2352 546 2425 candum
566 2353 725 2426 salivam
745 2353 868 2426 colore
887 2353 1057 2426 violaceo
1077 2353 1236 2446 tingens

488 2479 531 2552 In
565 2481 723 2554 officinis
766 2502 872 2554 merx
914 2484 1061 2574 prostat
1094 2481 1217 2554 scissa
1259 2482 1298 2554 in
1336 2485 1507 2554 ramenta
1544 2485 1581 2551 et

379 2610 526 2696 scobes
543 2609 776 2683 extrinsecus
791 2609 979 2681 interdum
994 2608 1115 2681 nitore
1136 2629 1180 2680 ex
1202 2608 1579 2681 aureo-viridescente

380 2735 563 2829 praedita.

779 3097 1004 3240 bignum
1033 3097 1298 3241 iuniperi.

490 3321 685 3417 Juuiprcrus
711 3325 905 3414 corrzruuuis,
931 3323 1033 3396 vide:
1063 3323 1216 3395 dinetus
1247 3322 1422 3418 Juniperi.

489 3447 689 3539 Lignume
726 3455 866 3542 trunco,
905 3451 1021 3523 ramis
1055 3456 1093 3524 et
1125 3451 1250 3524 radice
1271 3451 1511 3542 desumptum
1539 3450 1579 3522 in

381 3575 509 3648 frustis
523 3575 744 3668 plerumque
763 3576 1079 3669 longitudinaliter
1098 3579 1208 3668 fissis,
1230 3578 1365 3650 cortice
1384 3576 1497 3666 tenui,
1515 3597 1577 3648 ex-

380 3702 566 3775 trinsecus
586 3704 720 3796 griseo,
740 3705 841 3778 intus
861 3705 1083 3796 ferrugineo,
1103 3706 1243 3778 fibroso
1271 3705 1454 3794 indutum,
1485 3703 1578 3776 satis

382 3836 630 3923 compactum,
665 3833 772 3905 facile
792 3831 925 3924 fissile,
960 3832 1094 3906 coloris
1124 3831 1247 3922 albidi,
1281 3831 1494 3905 ochroleuci
1520 3831 1579 3904 vel

379 3959 520 4050 robelli,
550 3959 589 4033 in
609 3961 773 4034 sectione
798 3964 1015 4033 transversa
1043 3960 1150 4032 zonis
1171 3958 1352 4053 cujusque
1372 3959 1460 4032 anni
1490 3980 1577 4032 con-

382 4087 572 4177 centricis,
608 4088 793 4182 aperturis
828 4109 1007 4160 vasorum
1047 4087 1296 4180 ductibusqne
1330 4087 1578 4160 balsamiferis

384 4215 605 4305 carentibus,
660 4237 862 4288 accensum
932 4215 1087 4288 odorem
1135 4220 1282 4306 gratum
1333 4215 1579 4287 balsamicum

383 4363 578 4435 spargens.

490 4470 651 4561 Lignum
684 4471 820 4543 radicis
855 4471 956 4562 ligno
985 4491 1176 4543 ramorum
1197 4475 1232 4542 et
1258 4469 1441 4562 impn'mis
1460 4468 1579 4542 trunci

381 4599 634 4690 praestantius
652 4598 823 4670 habetur.

492 4723 625 4818 Species
650 4724 854 4822 Liquoruru.
