3502 5454
901 529 1113 606 ..54ss

406 749 503 822 fusci
535 751 699 843 praebet,
745 772 841 843 quae
871 772 971 844 aqua
1005 749 1122 822 diluta
1166 747 1292 823 addito
1325 751 1421 823 ferro
1457 753 1617 843 sesqui·

405 876 577 950 clrlorato
598 877 762 950 colorem
782 877 937 951 viridem
958 879 1070 952 ducit.

516 1004 764 1078 Combustum
802 1005 968 1079 Catechu
1005 1005 1139 1080 cineris
1178 1026 1224 1077 ne
1262 1005 1349 1098 plus
1388 1026 1505 1098 quarn
1546 1024 1617 1076 sex

404 1136 531 1223 partes
552 1133 787 1225 expertibus
808 1137 960 1206 centurn
977 1132 1174 1226 relinquat.

518 1259 694 1332 Tinctoro.

705 1580 900 1691 Oculos
925 1581 1301 1692 llulcanrurcc.

773 1792 938 1897 Stipitcs
959 1791 1243 1873 Dulcamarae.

514 1985 682 2060 Salonam
697 1985 919 2059 Dulcomcra
938 1988 1084 2078 Linn,
1104 1989 1284 2062 suffiutex
1305 1989 1495 2092 scandens
1514 1986 1615 2059 indi-

406 2135 540 2207 genus,
568 2112 791 2188 Solanaccae.

515 2242 650 2316 Caules
684 2241 840 2316 biennes
869 2248 936 2314 aut
953 2242 1130 2333 triennes,
1165 2244 1284 2336 primo
1313 2265 1401 2318 vere
1430 2243 1491 2316 vel
1520 2263 1612 2316 sero

404 2375 587 2443 autumno
609 2370 752 2443 collecti
772 2375 809 2444 et
830 2370 957 2443 siccati
976 2370 1145 2460 flexuosi,
1176 2393 1290 2465 saepe
1308 2371 1406 2460 torti,
1435 2371 1612 2443 obsolete

402 2497 618 2590 pentagoni,
633 2497 805 2570 loliorum
820 2496 1053 2571 cicatricibus
1069 2498 1221 2572 alternis
1237 2499 1366 2587 notati,
1382 2503 1548 2590 quatuor
1557 2497 1611 2568 ad

403 2629 488 2696 octo
522 2624 732 2698 millimetra
756 2625 885 2714 crassi,
913 2624 1232 2716 longitudiualiter
1260 2625 1390 2699 sulcati
1412 2631 1449 2699 et
1461 2624 1609 2717 rugosi,

403 2752 488 2842 plus
512 2751 637 2825 minus
663 2751 855 2824 leuticellis
873 2752 1081 2842 verrucosi‚
1102 2752 1350 2846 peridermate
1374 2753 1477 2826 tenui
1496 2753 1612 2824 facile

402 2879 602 2971 separabili
641 2901 661 2953 e
700 2878 881 2951 subviridi
917 2880 975 2952 vel
1014 2901 1034 2951 e
1074 2881 1255 2953 subfusco
1290 2881 1399 2968 ssav0,
1437 2885 1613 2966 tenaces

403 3005 624 3100 plerumque
640 3004 811 3095 fistulosi,
833 3008 979 3099 saporis
995 3007 1159 3100 primurn
1175 3008 1303 3097 amari,
1319 3008 1453 3081 deinde
1470 3006 1614 3094 dulcis,

402 3129 466 3202 diu
486 3132 659 3206 faucibus
679 3132 921 3206 inhaerentis.

510 3259 632 3332 Sectio
661 3264 882 3334 transversa
903 3262 1067 3336 ostendit
1088 3263 1262 3337 corticem
1283 3268 1499 3354 angustum,
1519 3264 1614 3336 viri-

281 3369 282 3372 *
401 3385 487 3457 dem
520 3391 557 3459 et
580 3387 724 3478 liguum
757 3389 982 3480 subflavum,
1016 3389 1214 3478 radiatum,
1245 3411 1378 3482 grosse
1411 3411 1614 3483 porosum,

400 3512 587 3586 medullae
609 3515 715 3586 albae
734 3516 892 3608 vestigia
911 3516 1118 3594 includens,

844 3873 983 3983 Coro
1007 3875 1154 3984 albu.

425 4075 429 4088 ·
505 4058 642 4132 Frusta
673 4060 820 4151 fragilia
853 4061 891 4133 in
925 4062 1088 4136 tenuiori
1125 4067 1243 4136 strato
1282 4061 1488 4154 diapbana,
1528 4065 1610 4136 sub

396 4207 531 4259 manus
548 4187 672 4259 calore
687 4188 856 4280 plastica,
876 4189 1030 4262 minime
1050 4189 1203 4279 lubrica,
1225 4191 1345 4263 calore
1361 4187 1506 4262 circiter
1522 4192 1604 4263 64⁰

395 4313 619 4405 liquescant,
651 4314 742 4407 quin
776 4337 952 4408 spumam
987 4316 1136 4408 ejiciant
1164 4315 1223 4390 vel
1257 4317 1509 4389 sedimentum
1542 4318 1610 4390 de-

394 4445 550 4532 ponant.
571 4440 727 4514 Pondus
748 4442 966 4535 specificurn
986 4444 1251 4518 0·965—0·97
1257 4446 1292 4516 0.

503 4569 637 4642 Ceranr
656 4569 695 4640 in
716 4570 857 4660 globuli
876 4570 1034 4644 sormam
1055 4573 1256 4661 redactam,
1283 4594 1378 4665 quae
1404 4571 1442 4643 in
1463 4572 1606 4666 spiritu

392 4694 469 4768 viui
499 4697 680 4790 ponderis
720 4697 884 4790 specifici
914 4700 1208 4772 0·955-o·960
1237 4699 1349 4773 bullis
1379 4699 1503 4773 aereis
1538 4703 1607 4774 ad-
